"region_code","region_name","latitude","longitude","division","country","date","period","population","revenue","volume","customers","channelCosts","margin","revenueVsPotential","ownStores","indirectStores","EEStores","o2Stores","salesVsPotential","VFcustomerShare","digitalPropensity","acqMarketShare","networkSpeed","networkLatency","channelRevenueOnline","channelRevenueOnlinefixed","channelRevenueOnlinepostpayAcq","channelRevenueOnlinepostpayRenewal","channelRevenueOnlineprepay","channelRevenueTelesales","channelRevenueTelesalesfixed","channelRevenueTelesalespostpayAcq","channelRevenueTelesalespostpayRenewal","channelRevenueTelesalesprepay","channelRevenueRetail","channelRevenueRetailfixed","channelRevenueRetailpostpayAcq","channelRevenueRetailpostpayRenewal","channelRevenueRetailprepay","channelRevenueIndirect","channelRevenueIndirectfixed","channelRevenueIndirectpostpayAcq","channelRevenueIndirectpostpayRenewal","channelRevenueIndirectprepay","channelVolumeOnline","channelVolumeOnlinefixed","channelVolumeOnlinepostpayAcq","channelVolumeOnlinepostpayRenewal","channelVolumeOnlineprepay","channelVolumeTelesales","channelVolumeTelesalesfixed","channelVolumeTelesalespostpayAcq","channelVolumeTelesalespostpayRenewal","channelVolumeTelesalesprepay","channelVolumeRetail","channelVolumeRetailfixed","channelVolumeRetailpostpayAcq","channelVolumeRetailpostpayRenewal","channelVolumeRetailprepay","channelVolumeIndirect","channelVolumeIndirectfixed","channelVolumeIndirectpostpayAcq","channelVolumeIndirectpostpayRenewal","channelVolumeIndirectprepay"
9,"East Anglia",52.399452,0.264206,"South","United Kingdom","2018-01-31","month",3177042,5658188,1139,3518061,928903,35023,-0.115,22,8,32,24,0.0977,0.354,0.273,0.337,1.96,63.4,131398,38127,37461,21732,18434,83577,12529,10913,9839,11856,63982,15570,15314,8480,8241,161169,43178,25210,25630,21967,94408,36672,21545,16418,12877,93545,22127,19343,13270,10952,109275,36032,13202,12048,13609,72465,12792,8089,11181,9158
5,"East Midlands",52.522979,-1.467778,"North","United Kingdom","2018-01-31","month",2624172,4127153,1178,2915026,932751,38261,0.195,23,12,39,29,0.0172,0.112,0.0168,0.435,3.56,93.9,117879,29488,24078,15176,12916,91519,18128,14875,14486,9642,165841,31573,21538,19523,22634,148014,23225,37884,15568,17609,139274,42284,26279,22384,16315,156905,36960,17180,27333,20062,66128,10895,12839,6619,8033,86014,22910,10732,9647,12249
15,"Essex and Herts",51.963206,1.351792,"South","United Kingdom","2018-01-31","month",2517586,5152023,1185,3401879,887619,36457,-0.154,19,9,29,21,-0.0394,0.492,-0.186,0.487,3.51,72.8,129680,47822,33137,16396,16823,121078,12766,20860,22544,14499,74344,20073,13132,8244,7660,102990,23298,17627,19736,13037,65892,20272,14392,7293,9087,84939,18221,20127,14267,9799,117572,42488,14930,21350,17612,138464,28532,24654,17394,14660
18,"Home Counties",51.352162,-1.993762,"South","United Kingdom","2018-01-31","month",2567996,4568978,1174,3239006,1012243,35817,0.167,20,15,26,16,-0.0746,0.268,-0.189,-0.0137,2.16,86,117839,24451,13693,16835,14882,79401,10515,17645,10360,10680,92459,14141,14190,17057,13770,107710,15593,30624,21174,11667,123568,44896,34743,20099,14185,72746,15085,20937,10044,7286,130537,20122,28045,21692,18404,136787,43400,30913,22881,16664
4,"Lancs Cumbria Pennines",53.789622,-2.243294,"North","United Kingdom","2018-01-31","month",2843162,5444898,1123,2657122,754145,45383,0.0375,20,13,27,31,-0.0605,0.16,0.143,0.342,0.243,45.1,97993,25585,10693,15871,9846,94538,11192,21340,15466,13326,141516,56438,31446,15454,18354,145228,44462,24179,21538,17724,130777,38780,21574,14753,13276,103971,34826,22946,14853,12761,107592,14257,29986,16111,11295,76526,24604,13163,12542,10491
6,"London East",51.537937,0.080932,"South","United Kingdom","2018-01-31","month",2620091,5071477,1154,3707405,1021273,42547,-0.0896,21,9,45,20,-0.0775,0.0896,0.174,0.489,4.38,55.9,66562,21302,19331,11555,9905,86132,20277,20455,9584,9067,124325,40557,19190,19051,15570,97750,30708,27340,17243,14592,90184,27142,20519,16344,12059,148484,58578,25005,27816,20600,87386,34304,12964,17304,12209,63821,15688,8845,6396,9006
17,"London North",51.655197,-0.277485,"South","United Kingdom","2018-01-31","month",3887389,3779221,1154,2581112,893453,47640,-0.164,21,8,28,21,-0.161,0.027,-0.0996,0.337,4.02,90.5,148313,50016,41990,25046,15542,77424,20151,16702,9064,11314,122377,12303,23588,13283,17737,73659,22945,16771,9673,10729,101430,28477,23343,12507,10340,99179,31849,15334,11995,14423,64917,19358,16479,9007,6675,92864,21567,10162,18074,9938
16,"London South",51.486872,-0.095581,"South","United Kingdom","2018-01-31","month",3084508,4522820,1043,3035302,930056,47551,-0.0339,19,8,28,17,-0.174,0.36,0.0146,0.337,1.6,72.1,138501,40094,33753,15888,17253,67726,19472,13965,7403,8537,127109,32921,14121,18997,16303,132100,50361,19833,16460,16259,78767,17461,16992,8386,10020,86493,17178,24544,11843,12823,157288,52988,36256,28975,22973,95202,13758,11473,11341,14235
19,"London West",51.509384,-0.195825,"South","United Kingdom","2018-01-31","month",3144429,4729152,1171,3830617,1012662,35109,0.0488,21,9,26,16,-0.0401,0.486,0.0819,0.457,1.2,47,70856,7334,11072,8540,7894,65748,24689,15336,10168,7915,83933,10397,11532,16761,12008,96918,37599,27404,12212,11912,87067,10036,24414,10684,9752,133413,44604,22409,24272,17123,119515,14623,18451,20914,16943,77931,16449,11978,15314,9029
2,"Manchester",53.386478,-2.351433,"North","United Kingdom","2018-01-31","month",3754179,6104184,1249,2776401,850865,38933,-0.00846,21,9,43,31,0.154,0.171,0.292,0.338,4.23,74.3,73057,24512,18904,7432,7685,162610,17765,46166,30167,17393,128047,37380,26231,16387,17780,160761,53478,30121,22738,18402,164107,32449,22428,19846,19216,151541,29944,44923,19039,21267,138514,26443,24722,19152,15671,161969,38001,47137,23826,16732
3,"Midlands",52.435044,-1.892271,"North","United Kingdom","2018-01-31","month",3986833,5220285,1084,2693029,925943,44871,-0.156,22,15,36,25,-0.0921,0.0134,0.221,0.349,4.52,67.9,115466,46184,14611,16080,13796,118515,29462,15428,19234,17291,161451,51689,35081,19831,18505,139570,18627,38415,27364,20571,129192,37068,14992,18449,15067,162563,53742,42260,21417,16909,125205,19624,27866,19138,12913,106112,19818,19754,10708,11145
7,"NI Glasgow",55.860011,-4.253951,"North","United Kingdom","2018-01-31","month",3178936,5127318,1138,2893382,989247,49356,-0.0875,19,13,27,21,-0.161,0.422,0.0789,0.18,4.94,60.1,93953,12366,16771,13066,13687,133979,37461,29849,24608,19927,125539,16710,20004,23975,13706,130520,41665,24026,19406,18158,126473,50277,27603,18665,14592,161239,29827,17702,29083,19632,74621,27723,18978,7768,9424,70504,22734,18831,13910,10455
10,"North East",54.683629,-1.21324,"North","United Kingdom","2018-01-31","month",3420913,5800510,1180,3928512,840815,37957,0.00575,20,10,40,23,-0.107,0.104,0.0664,-0.0322,2.61,79.7,131424,19053,30743,22831,18767,64150,9625,9951,10724,6894,87586,10904,23165,11669,9709,142434,43496,21347,23611,18487,137304,43242,20109,23990,14406,67223,23295,8674,11872,7178,124638,44439,14752,16777,16512,100985,10191,13432,12394,14104
0,"North West",53.027538,-2.175821,"North","United Kingdom","2018-01-31","month",3456438,3785404,1056,3874385,933791,43818,-0.138,22,8,32,38,-0.143,0.471,-0.171,0.0535,0.839,43.2,162551,39786,42966,25422,16628,79878,14197,13285,11572,11781,126594,31348,34248,13864,15113,141410,25037,27420,25066,15573,123232,25345,19210,16754,17492,114922,41163,14034,17318,14787,93969,18319,13719,10928,9794,87078,24218,13700,12504,10274
8,"Scotland North",56.45974,-2.973105,"North","United Kingdom","2018-01-31","month",3197312,4238196,1096,3036355,900838,33663,-0.0255,19,14,28,28,-0.051,0.0608,0.0657,0.412,0.83,69.2,104916,19189,21032,14795,14925,77476,14451,17573,14135,9272,122108,31730,35666,18451,16498,120524,39481,19051,14285,14284,157592,22045,32848,27563,17318,74536,12980,8250,8166,10390,149077,15188,37959,15982,17923,65379,24481,9990,11235,6559
14,"South Coast",50.851834,-0.983612,"South","United Kingdom","2018-01-31","month",2990229,5831344,1204,3988747,821563,39479,0.0609,21,9,26,40,0.00625,0.213,-0.112,0.376,1.73,80.8,141589,17819,16863,14989,15673,112494,21733,19441,17627,15511,68755,8999,11432,7670,7548,65827,18589,14909,12505,7850,164304,21415,36402,28182,23171,93403,21520,19756,15960,13802,125801,13326,33603,18021,12931,136022,32783,35550,14128,20041
13,"South East",51.134193,0.264491,"South","United Kingdom","2018-01-31","month",2971674,4249465,1232,2690097,757475,33629,0.0229,22,12,37,34,0.134,0.335,0.142,-0.0458,2.49,52,115323,38258,21424,22427,12635,106126,24441,11534,15591,15408,141010,43919,17385,16422,20418,92066,34098,11006,13916,13488,71004,14672,17917,11300,9529,109255,18102,28247,15584,15648,153177,54259,33776,24513,17643,133267,28397,26048,22858,14425
11,"South Wales",51.652933,-3.021441,"South","United Kingdom","2018-01-31","month",3851296,4353115,1077,2516175,816479,40290,0.157,18,12,27,37,-0.0356,0.133,-0.0588,0.266,2.55,75.8,116375,14753,32901,16205,15743,132525,19212,20261,21493,17293,83610,23147,19006,9600,9774,153643,34996,20079,15389,20371,81046,15050,12569,10629,10543,103201,33779,14196,13934,10973,101866,32522,27647,19357,12919,130123,50366,35244,25944,16083
12,"South West",50.371714,-4.140162,"South","United Kingdom","2018-01-31","month",3636026,6022702,1071,2516547,849309,43442,0.0412,20,10,40,35,0.046,0.299,0.164,0.0431,2.44,44,154655,56478,43767,15597,22966,88996,34167,13551,10427,10424,78358,25639,13613,11357,11286,83854,27922,11260,9231,8527,140513,31806,35727,24492,15523,157802,17341,23028,17581,19550,140479,30428,41415,22839,14604,76133,18224,10888,12829,8381
1,"South Yorks",53.550871,-1.478309,"South","United Kingdom","2018-01-31","month",2613969,5416195,1145,3518470,866830,37666,-0.112,23,12,33,26,-0.115,0.258,-0.0538,0.0608,1.88,86.3,121837,30223,33847,16411,15978,157986,24367,17612,17844,19292,77979,26932,16311,11461,9988,156522,62370,39255,27338,21259,89610,27663,17807,12905,9185,133808,14860,38365,21547,17250,95664,24267,26850,18801,12125,90004,11387,15053,15543,13162
9,"East Anglia",52.399452,0.264206,"South","United Kingdom","2018-02-28","month",2848828,5654755,1119,3885925,780806,37221,0.109,22,10,44,19,-0.0749,0.343,0.139,-0.0398,4.09,66.1,106349,16761,24818,12761,10735,74890,14734,15328,8341,10416,137936,26122,18746,19385,14877,148037,51643,31234,19921,20583,149170,29833,24685,27583,15604,78865,14861,14122,8491,10682,107483,29237,27336,12830,12129,89161,34442,26617,17284,10452
5,"East Midlands",52.522979,-1.467778,"North","United Kingdom","2018-02-28","month",2976064,5524913,1116,3270355,852758,48739,-0.15,18,10,39,37,-0.17,0.282,0.163,0.0699,0.783,88.7,105255,12448,23743,20152,12102,82293,30359,18082,12816,10985,160876,22710,30143,18797,18885,106879,11085,18338,11794,12535,65919,20256,7938,9079,7914,156353,49878,20305,17829,18292,125094,48158,32603,21387,16799,73612,27018,21046,12384,8417
15,"Essex and Herts",51.963206,1.351792,"South","United Kingdom","2018-02-28","month",3202641,4307473,1144,3059346,934314,38071,0.048,21,9,43,37,0.0968,0.477,-0.0995,0.132,2.77,79.9,135478,20205,26558,18925,17791,136653,41848,33944,19984,16936,115742,12596,19504,22562,11994,80671,12181,9598,16079,10109,98490,13443,23989,13678,12710,98869,27275,14841,10312,12355,150314,53041,21095,25791,19932,151983,15281,43629,16089,21894
18,"Home Counties",51.352162,-1.993762,"South","United Kingdom","2018-02-28","month",3780644,5408139,1104,3303071,765902,35565,0.00123,21,13,25,21,0.17,0.146,0.244,0.43,4.04,98,109423,35296,20858,16245,12425,80372,32012,22478,10466,11788,162260,57957,30236,22740,21283,119292,46007,21725,13826,17210,157350,50210,44075,29550,20928,68210,23206,10700,7536,9862,123261,17102,32601,18502,13080,84964,33639,14574,12821,9100
4,"Lancs Cumbria Pennines",53.789622,-2.243294,"North","United Kingdom","2018-02-28","month",3697293,4110313,1156,3277640,963517,48834,0.158,21,14,31,28,-0.0224,0.4,0.212,0.319,1.67,43.7,64132,15963,8286,11970,9376,85416,28310,11372,12382,8585,123017,47183,19637,13380,18433,139596,45639,29358,23262,14510,163913,24334,22868,17280,19590,108849,28035,19459,11205,15832,64903,21435,19359,9806,9151,122527,13195,23385,14910,13222
6,"London East",51.537937,0.080932,"South","United Kingdom","2018-02-28","month",2655753,5278462,1047,2565450,996017,35963,-0.013,19,15,27,26,0.134,0.375,0.106,0.289,2.43,88,134169,34547,36599,16567,16580,62545,22100,11412,9111,6958,123496,23088,31529,14209,15220,139622,18624,39005,19569,19890,93641,11548,16984,13297,10036,151332,35909,30729,17275,19206,159816,32840,41504,20278,21324,102478,38061,16429,18185,15244
17,"London North",51.655197,-0.277485,"South","United Kingdom","2018-02-28","month",3859569,4055034,1243,3893361,986224,42425,-0.0282,21,15,27,39,-0.128,0.0902,-0.165,0.356,1.75,76.1,165020,17274,45160,31383,16860,88464,10709,26352,8908,11896,68307,26527,8003,9145,8420,96445,9821,11397,14870,11661,165573,30140,26441,22800,19798,127827,45847,30410,22965,16393,69885,7746,17253,8451,7576,124737,45263,21775,12607,17811
16,"London South",51.486872,-0.095581,"South","United Kingdom","2018-02-28","month",2896671,4170418,1228,3248196,803199,41833,0.0274,18,11,43,31,-0.181,0.28,0.0455,0.229,3.26,84.1,94356,35195,18081,17772,10734,98835,12889,14208,13489,13294,93142,21886,19535,15901,9712,112696,25939,22234,18702,13410,149020,26841,35889,27432,18276,140860,52124,38015,16612,14191,144094,18091,38981,26428,15367,67210,14043,19769,11857,9180
19,"London West",51.509384,-0.195825,"South","United Kingdom","2018-02-28","month",3687640,5733303,1045,3969743,1015072,43446,-0.113,19,10,28,16,0.121,0.372,0.0336,-0.0272,0.347,58.4,141067,53621,17527,26876,19830,73082,11211,14248,9053,9942,150643,33907,43109,17089,22176,98929,25150,20466,11353,13811,131190,24322,37927,26090,17585,162230,40746,18316,24899,21099,145344,50080,29161,19753,15439,124386,41522,15491,23314,14606
2,"Manchester",53.386478,-2.351433,"North","United Kingdom","2018-02-28","month",2848730,3956006,1065,3607496,1002376,45825,-0.0652,22,11,40,23,0.113,0.332,0.134,0.442,3.96,44,144039,45802,24660,20105,16821,118848,18175,30682,23561,16306,130756,21611,14452,16007,16604,164694,52297,47544,25198,17852,143224,44015,34689,18557,17212,68172,26490,16798,11322,8667,72483,8362,19242,14468,10267,156492,26678,45873,24167,16382
3,"Midlands",52.435044,-1.892271,"North","United Kingdom","2018-02-28","month",2600433,6056203,1042,2616943,758974,43323,0.12,18,11,32,35,-0.0898,0.0181,0.255,0.468,4.08,56,118495,37346,12670,18755,17628,110114,38700,18744,19120,15164,121995,32790,15176,18235,13024,97810,27925,19184,11484,13116,70345,10192,13209,11271,8662,94150,19906,12378,15734,13489,141020,25586,17382,21834,20057,79167,20568,19723,9990,11325
7,"NI Glasgow",55.860011,-4.253951,"North","United Kingdom","2018-02-28","month",3448743,5790263,1247,3972481,928053,46318,0.0669,23,12,29,36,0.104,0.488,0.272,0.0285,2.51,80.9,68375,18874,16672,7454,8272,126882,45132,34426,14702,16803,98741,21962,15850,11597,10603,123613,31323,27995,16229,17709,124153,26777,30139,18210,12820,80776,13962,20579,15773,8256,105163,33846,13932,16805,10772,157250,54317,38163,22197,23087
10,"North East",54.683629,-1.21324,"North","United Kingdom","2018-02-28","month",3352392,4492841,1153,2845181,786105,34374,0.114,22,10,42,29,0.0563,0.104,0.232,0.343,5,98.3,140534,18068,15030,20424,14453,128272,30334,19463,19907,15024,160230,29613,34543,21130,16357,107519,25023,28821,18195,10806,70688,25003,19507,11334,7583,88127,29842,18366,15688,9093,161346,20971,18629,30649,16599,100632,24251,20150,10200,12139
0,"North West",53.027538,-2.175821,"North","United Kingdom","2018-02-28","month",2634368,4299915,1162,2560482,764707,37088,0.113,19,9,38,22,0.113,0.0756,-0.123,0.364,4.62,53,123294,31923,14993,22115,15411,110585,16074,18210,12620,15956,77040,9128,17955,13905,8931,63861,15549,17254,7985,7763,107387,29987,17697,10948,12583,148689,20292,37834,28867,21833,129987,30920,15183,23480,13486,111559,26446,30432,12390,11456
8,"Scotland North",56.45974,-2.973105,"North","United Kingdom","2018-02-28","month",2860161,4962316,1082,3435942,813516,44953,-0.00654,21,15,35,23,0.0165,0.463,0.282,0.423,3.31,97.5,147786,52104,18191,18807,15530,161414,33959,40123,16948,20080,86466,23601,9129,14500,9008,114333,27325,30661,16841,12047,126175,34275,32086,19945,16529,129465,29343,14995,19523,14091,67561,10289,14395,13380,9510,142844,33955,19745,16661,18982
14,"South Coast",50.851834,-0.983612,"South","United Kingdom","2018-02-28","month",3977330,5596709,1243,3273215,888967,37436,0.125,19,11,34,25,-0.17,0.495,0.199,0.382,4.24,55.2,144177,42199,28015,21730,15365,101202,37297,21012,13422,13506,121784,39228,33417,20752,14881,156148,26420,31537,25588,22170,136333,17984,19651,26411,17643,124227,22297,32086,21446,15192,120593,14170,12836,17595,14895,124535,46741,21117,24320,16796
13,"South East",51.134193,0.264491,"South","United Kingdom","2018-02-28","month",3651768,5441718,1207,3226482,880532,39543,-0.134,21,12,34,18,0.0979,0.359,-0.119,0.168,4.12,63.8,79380,19319,12094,12160,10342,148545,22707,27373,22112,18904,123533,35840,36776,13160,13200,132428,47312,24153,18637,13834,64919,16462,13875,12119,9079,141681,25872,20727,15012,15929,127445,20884,22975,23026,18146,162181,37031,26402,27583,16304
11,"South Wales",51.652933,-3.021441,"South","United Kingdom","2018-02-28","month",2911286,5032439,1161,3041818,884525,35426,-0.08,22,11,35,40,0.134,0.183,-0.163,0.288,0.703,82.7,125240,42077,13375,13059,15908,101570,25139,29070,19526,14372,121239,47836,12744,19672,14441,64460,18130,16281,8113,8442,110113,38102,20252,18550,14583,127976,50851,37704,24799,14861,76291,14204,15861,14843,10710,102027,19470,27018,10672,11793
12,"South West",50.371714,-4.140162,"South","United Kingdom","2018-02-28","month",3414789,3798006,1118,2998080,1007442,49377,0.025,19,11,35,30,0.00679,0.332,0.161,0.145,0.3,66.4,141185,22018,26945,26517,16439,131936,23698,37907,13756,16012,68562,21377,9604,12972,9926,144172,49683,40654,15604,17251,128338,31653,35254,17959,14205,65433,9408,9976,7618,8941,70837,7519,19628,10026,8466,76618,14669,13666,8705,9876
1,"South Yorks",53.550871,-1.478309,"South","United Kingdom","2018-02-28","month",2572936,6042895,1169,3216519,875520,40640,-0.0513,20,11,29,21,-0.0559,0.455,0.023,0.211,2.55,65.1,68925,14207,19672,10168,7252,161973,33665,39091,22034,19357,141738,35830,24080,18124,17427,108695,25877,14693,11091,13997,83121,27009,15463,8561,12119,87849,14039,21823,14858,10071,101019,11018,19801,16160,13037,143272,25443,25576,27482,15044
9,"East Anglia",52.399452,0.264206,"South","United Kingdom","2018-03-31","month",3207728,3836427,1247,3334818,763201,35642,0.142,18,13,36,26,0.0417,0.176,-0.098,0.0411,4.33,66.1,132569,29007,37130,13649,19214,132737,38822,31357,21102,17652,156484,59562,28116,18268,20560,64480,9438,7878,12669,6507,76650,13388,15270,11825,8246,120155,36110,16258,12472,12121,154209,54214,17771,23933,16451,63153,21469,6589,9673,6895
5,"East Midlands",52.522979,-1.467778,"North","United Kingdom","2018-03-31","month",3093821,4663227,1129,3360290,821173,46580,0.104,22,10,31,18,0.0177,0.371,0.274,0.118,0.791,43.8,82827,29799,12171,13993,10909,115522,29478,15709,18188,11776,70481,7196,13651,10707,9412,92087,18916,19627,11725,11765,79402,27370,15425,10707,9409,92908,28972,26683,14975,9757,69328,17540,8200,11452,7552,98748,37946,26771,16625,11794
15,"Essex and Herts",51.963206,1.351792,"South","United Kingdom","2018-03-31","month",3013657,4155881,1125,2742447,1039111,41802,0.163,18,11,26,37,-0.151,0.266,0.284,0.307,1.71,51.7,154482,56368,35367,17954,18631,111466,32090,32704,16992,15239,114055,19616,30891,18361,13068,131968,49793,33411,20524,17362,111973,35555,27227,22354,12600,112363,43174,19787,20188,14211,144705,33689,41960,16348,15291,104216,18442,27343,13346,13840
18,"Home Counties",51.352162,-1.993762,"South","United Kingdom","2018-03-31","month",3060560,4506112,1132,3755026,894543,43849,0.0288,19,15,29,34,-0.00221,0.145,0.0341,0.179,0.515,49,141078,38046,21162,24258,18266,155361,22895,20225,20808,21439,118342,34141,21024,22687,14885,103461,18772,15607,17913,10993,73695,8582,14096,8587,10777,71961,15328,21237,10476,10508,107491,35574,28416,14401,14494,134107,32147,26639,25177,18684
4,"Lancs Cumbria Pennines",53.789622,-2.243294,"North","United Kingdom","2018-03-31","month",2510686,5706189,1122,3671340,955078,41603,0.145,22,14,37,27,-0.00404,0.384,-0.14,0.341,0.156,48.7,119815,46998,35813,22039,14843,162548,38011,33229,18937,16709,139548,17315,20698,23032,15606,137592,41393,37252,24959,19810,95180,33524,21714,17169,13065,123282,40826,14630,13157,15172,127355,15986,21156,20281,15499,123482,26795,30596,12509,16384
6,"London East",51.537937,0.080932,"South","United Kingdom","2018-03-31","month",3458419,5946844,1203,3885606,758156,34877,-0.0594,19,14,37,36,-0.00207,0.451,0.268,0.156,1,66.8,88268,13785,15799,14996,11338,164328,35391,33647,32163,19066,119336,20353,27962,13430,16926,134977,16841,32065,26427,14513,151881,33919,32965,15987,15558,137199,39784,27109,15498,13907,132756,52827,19788,15255,18598,80082,14923,8748,10590,10135
17,"London North",51.655197,-0.277485,"South","United Kingdom","2018-03-31","month",2618653,5733364,1184,2887185,1013829,39776,0.0784,22,10,36,24,0.131,0.386,0.226,0.0986,1.6,72.9,98775,19247,27361,11557,9934,137683,54723,21779,27021,18296,143070,47196,16000,24653,15057,147298,38838,36572,25426,17256,146973,16589,35262,18431,20751,109462,42397,19159,11767,13455,97073,19842,22049,15212,12378,108626,41731,15924,11967,11256
16,"London South",51.486872,-0.095581,"South","United Kingdom","2018-03-31","month",2709376,3851916,1221,3923082,879643,47885,-0.00208,19,12,30,29,-0.088,0.402,0.0265,0.11,3.42,72.4,111375,31267,12762,20867,11561,92555,11439,18443,11560,12865,119142,29964,23491,22365,15016,147850,25103,25967,20044,19115,129264,31333,14185,16168,18475,89206,13516,13566,10234,12851,119254,37099,30386,22306,16482,99678,37523,13507,14755,12586
19,"London West",51.509384,-0.195825,"South","United Kingdom","2018-03-31","month",2539600,4496543,1130,2739003,814757,40996,-0.129,22,8,29,21,-0.0348,0.469,0.0604,0.44,2.14,67.2,121929,40735,26034,17775,15769,102599,26272,15676,16516,14246,151583,32402,38638,25532,21682,134911,41237,27402,21436,17080,165017,28098,22742,27754,23893,162939,53066,26211,26430,21102,138471,36114,30187,16663,16934,129590,15600,30391,16983,18056
2,"Manchester",53.386478,-2.351433,"North","United Kingdom","2018-03-31","month",3966895,3781766,1161,3974999,904109,42193,-0.182,20,12,36,22,0.0827,0.083,-0.133,0.226,4.42,67.1,116002,33798,22367,12703,14059,94282,34903,28159,16472,9636,68298,25688,7942,8094,7579,96422,35368,17928,15661,12213,125786,24857,32796,23345,16858,96509,35967,16592,9893,10074,72122,22898,13375,11215,8084,87467,14137,25399,16780,9822
3,"Midlands",52.435044,-1.892271,"North","United Kingdom","2018-03-31","month",2668331,5345265,1236,2619798,885696,33962,-0.194,18,11,35,19,0.0836,0.324,0.0339,0.233,0.894,75,89419,12686,9362,15823,12450,95121,16620,11878,16072,12912,72122,26489,21308,7773,10377,107781,26001,18581,15709,13819,157221,19104,23541,28021,20838,145059,36592,17551,17543,16229,161251,42009,25493,32087,23314,151897,22470,27795,22206,17199
7,"NI Glasgow",55.860011,-4.253951,"North","United Kingdom","2018-03-31","month",2874789,5628344,1224,2615197,992303,42720,-0.0171,22,10,37,29,-0.0163,0.127,0.278,0.499,2.88,60,87777,10404,16764,16958,11384,103838,16467,21164,10463,10539,73344,8888,18477,14541,9716,63925,23067,13273,9476,6406,127125,40774,34795,16087,14246,135865,20718,17849,17957,20112,154749,44518,25932,23499,20011,128866,39793,32966,16426,13439
10,"North East",54.683629,-1.21324,"North","United Kingdom","2018-03-31","month",2827981,4277478,1116,3432590,822608,46092,0.0382,22,12,36,17,-0.0671,0.324,0.206,0.0562,4.17,45.1,107460,16560,25440,12708,14054,106503,10683,19387,11488,15409,97857,19851,23891,18009,11793,163199,63989,31583,22233,20466,114941,28418,14523,12441,12201,93558,21734,14949,12905,10223,113693,25894,27340,17557,14941,113412,27699,13891,15231,12487
0,"North West",53.027538,-2.175821,"North","United Kingdom","2018-03-31","month",3290100,6066718,1205,3623203,824260,47738,-0.0381,21,15,36,32,0.117,0.0224,0.159,0.365,3.21,54.7,116792,32635,17640,19653,17383,75242,25517,21434,8182,7642,92336,10938,19489,16775,12814,155216,61360,31971,23087,19027,129443,37799,21336,13163,14201,87744,22607,23660,15925,9060,88013,27350,16037,9109,9931,165717,22926,30007,21795,23359
8,"Scotland North",56.45974,-2.973105,"North","United Kingdom","2018-03-31","month",3949645,4090426,1043,3508099,880401,39782,-0.0165,19,11,26,23,0.00174,0.37,0.0827,0.409,0.745,87,158075,46877,37694,18112,17033,74857,27221,7672,14001,8328,73289,11093,12884,9168,8255,105470,39647,29337,16879,14938,126356,22285,33594,22264,13882,157813,21236,24621,21920,16464,146337,27684,19673,16965,21351,139851,15888,37567,20330,14587
14,"South Coast",50.851834,-0.983612,"South","United Kingdom","2018-03-31","month",2574949,6240951,1150,3605556,767643,45150,-0.156,19,11,36,39,-0.181,0.429,-0.0439,-0.0119,3.86,96.9,162003,48753,22357,21262,17756,150943,54742,32920,15308,20342,111905,18847,32534,22141,15214,104455,17266,23927,11747,14406,121830,38361,22000,19373,16093,98686,16810,19788,12241,14609,139839,50861,23218,17449,16011,110727,13460,24611,15063,15641
13,"South East",51.134193,0.264491,"South","United Kingdom","2018-03-31","month",2914773,4458275,1119,2917678,819291,38244,0.081,18,13,32,40,0.131,0.255,0.22,0.493,4.2,43.9,110176,33085,19250,20536,12868,124871,21007,37106,23311,12741,150974,19927,30168,20051,16188,82468,15287,16027,10487,12253,121257,32570,14826,19046,13952,107425,36406,23316,16881,12587,136633,40338,15383,18655,18309,121848,17581,29757,23445,14578
11,"South Wales",51.652933,-3.021441,"South","United Kingdom","2018-03-31","month",3097117,5659867,1048,3349207,808239,33688,-0.0987,22,11,29,16,-0.139,0.392,0.158,0.39,4.8,93,115091,42222,32105,18256,16980,128837,15214,12922,22639,15656,156328,17094,24643,30675,20458,155983,38733,33175,28879,20611,84443,30521,18017,14284,11582,81217,12373,11787,15344,11757,103174,21094,22665,15360,14975,149338,17047,16015,28822,17154
12,"South West",50.371714,-4.140162,"South","United Kingdom","2018-03-31","month",3631748,5415544,1125,3675996,857854,36006,0.0156,20,14,30,38,0.127,0.482,-0.0794,0.232,1.39,52.7,102294,16461,30631,13120,13960,92433,23122,15104,12353,13539,139351,53334,17137,16922,15862,101552,23137,28444,13310,10484,77991,18191,17372,13563,7858,135676,32505,16097,21144,19924,105782,29873,16118,20733,15838,159210,21912,29202,17381,19272
1,"South Yorks",53.550871,-1.478309,"South","United Kingdom","2018-03-31","month",3525995,5306238,1166,2655378,931227,35732,0.115,19,10,29,39,0.0159,0.152,-0.109,0.129,3.21,42.8,80445,30650,22387,13045,11430,72139,12187,18412,12481,7905,78544,15291,13501,13363,8008,131096,34587,21912,18004,19184,96015,14083,20479,17474,13929,137646,27244,26618,25397,18309,137494,27147,16598,19987,19817,79016,8765,21147,15719,9827
9,"East Anglia",52.399452,0.264206,"South","United Kingdom","2018-04-30","month",3705639,6007608,1130,3803578,1013297,40421,0.165,23,13,29,29,-0.083,0.335,0.037,0.0378,2.21,44.6,75448,9804,15279,13371,10276,86544,9341,9724,15354,11900,108855,16853,31211,20167,15437,162959,47869,40005,19454,22041,145777,17175,20139,27865,18446,64000,12024,15198,8074,9017,147924,33878,18567,23835,18927,84811,22644,15620,15101,11254
5,"East Midlands",52.522979,-1.467778,"North","United Kingdom","2018-04-30","month",3840840,5172338,1191,2575937,777265,45283,0.0523,20,14,35,17,0.101,0.342,0.13,0.00264,3.23,82.3,131767,33636,16127,13319,18189,124388,48817,13490,21137,16857,111083,44063,21580,16167,13338,118925,25482,32598,21616,12173,141835,38346,31233,24372,20011,116977,24374,21729,21318,15670,97603,25813,21535,10872,11104,66341,20875,8458,10482,7691
15,"Essex and Herts",51.963206,1.351792,"South","United Kingdom","2018-04-30","month",3068842,5171381,1242,2947660,907670,42683,0.0903,20,15,44,32,-0.0563,0.408,0.0805,0.25,1.96,72,64202,11417,14043,11912,8824,153811,57648,23778,30475,16732,68882,8885,10380,7157,7471,140022,53682,31452,24582,14574,122734,21332,35886,15812,18129,98842,29872,29086,14577,14234,165475,39081,45971,26755,17452,121057,30257,18807,21207,16774
18,"Home Counties",51.352162,-1.993762,"South","United Kingdom","2018-04-30","month",2878658,4897152,1106,2995031,980856,43558,0.158,23,9,38,34,0.00284,0.428,-0.0463,0.475,1.55,95.9,65979,19582,9191,9683,9864,142652,39323,36341,20643,21289,140937,20357,35194,14128,20487,100007,12271,11107,14720,11644,164964,46088,29360,32017,19020,113519,15302,24382,11503,12727,91241,25653,14290,11332,13081,152400,33067,42859,19368,22401
4,"Lancs Cumbria Pennines",53.789622,-2.243294,"North","United Kingdom","2018-04-30","month",3552199,4723571,1227,3588504,1033637,42600,0.151,19,9,40,33,0.111,0.364,0.156,0.113,1.88,76.5,145964,22053,19483,22225,14785,155068,50513,42355,25272,16082,155453,20623,34988,19047,15712,78487,22875,10753,15276,11113,117452,12194,29565,15506,13364,94947,24494,17874,9920,12860,160905,55448,29073,18547,18453,165294,41954,18789,31105,16611
6,"London East",51.537937,0.080932,"South","United Kingdom","2018-04-30","month",3493420,4324848,1114,2889024,939166,45512,0.117,21,8,44,29,0.0111,0.0327,0.221,0.496,2.52,72.6,96918,22179,25257,13895,14053,114027,22612,21739,18359,12015,146988,57347,34612,17271,19669,82960,24508,21879,13018,10325,132853,37218,14806,21136,18419,135696,47523,23809,22497,15850,105130,20336,16814,11622,14076,91975,13548,15393,9333,13603
17,"London North",51.655197,-0.277485,"South","United Kingdom","2018-04-30","month",3839014,3803016,1160,2570631,870197,41181,0.156,18,13,45,20,-0.155,0.309,0.221,0.14,0.106,63.8,101938,28551,24241,18722,12988,117072,32174,15330,18954,12753,130620,33344,28032,14083,15969,80050,25040,19347,8367,11821,76071,22296,7652,14601,8027,96540,15715,19301,14396,11656,161737,37370,39476,19295,20532,98200,16158,15229,13280,13033
16,"London South",51.486872,-0.095581,"South","United Kingdom","2018-04-30","month",3583128,5084910,1130,3560039,854332,48037,0.182,21,11,33,37,-0.0543,0.211,0.000635,0.264,3.77,75.6,162351,44587,38148,30623,24240,76039,12119,18714,9609,10560,125740,25596,34933,13193,17472,141190,36830,28984,27000,16497,165851,57129,38274,25752,22799,98413,23918,27245,14953,10846,103826,35537,21203,12307,10604,88679,17698,14319,13292,9473
19,"London West",51.509384,-0.195825,"South","United Kingdom","2018-04-30","month",3992792,4218628,1121,3951072,757228,41452,-0.155,19,12,36,24,0.0793,0.438,-0.165,0.476,0.263,43.1,91274,32079,9609,10838,9694,137643,16759,18363,22608,14741,142196,43446,25279,23653,18155,76684,22028,18943,7924,8075,112059,24284,14793,21677,11656,113595,23744,14801,13288,16606,125083,42225,25455,24945,17098,133873,52984,20607,21018,17797
2,"Manchester",53.386478,-2.351433,"North","United Kingdom","2018-04-30","month",2711390,4635213,1133,3115371,1028245,46599,0.0315,19,11,37,23,-0.118,0.102,-0.129,0.379,1.82,80.9,131107,38066,29571,20813,15752,96035,31012,18237,14271,11818,127199,35059,17938,12892,13873,146574,40901,31198,26078,20496,112365,21957,12320,17880,15358,112620,43417,13129,13430,12074,92825,10671,14705,14252,12059,104145,37149,11057,14202,10984
3,"Midlands",52.435044,-1.892271,"North","United Kingdom","2018-04-30","month",3521665,4288181,1171,3713385,777962,48753,-0.127,23,10,28,35,-0.0526,0.398,0.00945,0.0211,2.67,45.5,88127,10969,17373,13661,12816,99499,16020,25874,14858,12536,143988,35867,19714,14892,18339,80282,15636,17613,14054,10149,117830,44855,32333,22722,14429,126510,26797,32828,24125,18787,121829,20087,26111,16236,16078,84157,27867,24654,9744,11091
7,"NI Glasgow",55.860011,-4.253951,"North","United Kingdom","2018-04-30","month",2794680,5498673,1050,3906869,1016371,49658,0.108,23,12,32,34,0.16,0.497,0.0225,0.231,2.48,73.8,122694,46161,21596,20645,16749,138022,43555,19383,21356,16771,111534,36823,18912,15079,13060,157397,26426,18942,15755,17516,159698,53784,34590,26223,17328,99059,19306,14944,19030,14139,157146,31489,24933,25003,21842,129888,33212,18453,14640,17444
10,"North East",54.683629,-1.21324,"North","United Kingdom","2018-04-30","month",3483940,4979705,1101,3545537,933159,42994,0.101,21,8,34,17,-0.0493,0.292,0.15,-0.0328,4.73,52.2,71955,26001,12481,12440,9723,104410,14260,24773,19529,11222,86827,8966,24718,16996,9077,154742,57268,24411,29771,20737,144161,21674,22520,17257,21079,141498,48264,17014,19367,17957,151577,48292,38291,17680,21520,107721,14354,12492,20923,13237
0,"North West",53.027538,-2.175821,"North","United Kingdom","2018-04-30","month",2951232,4215457,1194,2605254,889614,34326,-0.0472,20,11,29,18,0.0402,0.0457,0.0587,0.345,1.14,58.4,110809,36893,31714,13878,12384,162748,28221,40884,27816,18369,65768,20080,7844,11978,8305,136820,34913,18084,14332,20334,102813,41036,25030,18323,10925,150446,59990,28706,23994,19654,107826,18430,12426,12649,10783,154628,52855,40614,23004,22773
8,"Scotland North",56.45974,-2.973105,"North","United Kingdom","2018-04-30","month",3340510,5447598,1154,2790550,966169,37216,-0.0172,22,11,27,33,-0.168,0.28,0.229,0.464,4.28,49.3,156769,27001,17226,17402,22947,149320,39684,25823,20589,16401,105511,23945,13778,15319,14014,112610,13417,21633,18757,14432,156801,47036,17191,23890,23376,94613,24032,15031,18325,12479,139797,34633,26490,15744,19631,165112,44366,18940,21218,17939
14,"South Coast",50.851834,-0.983612,"South","United Kingdom","2018-04-30","month",3274448,4323111,1244,2626775,962576,44157,-0.0615,21,15,37,22,0.0548,0.0663,0.0777,0.196,4,86.7,64445,15024,6583,9289,8203,144499,50013,34875,15916,15092,64259,16836,15646,11939,9192,83678,20568,11115,9816,11136,149295,27188,31558,20970,15822,121397,20359,12505,18391,17413,108437,37505,18412,18056,12126,152710,51958,18065,25173,18887
13,"South East",51.134193,0.264491,"South","United Kingdom","2018-04-30","month",2895623,6012200,1194,3321241,956895,46541,0.116,20,12,38,20,0.0587,0.336,0.109,0.16,2.64,81.1,121225,44772,21665,19223,16542,118223,33092,13751,13292,16544,112134,29364,22980,19479,12049,64346,13312,13192,8257,7261,163526,49242,30572,25921,20265,105805,33989,14105,18233,12895,150235,23183,39990,28630,15058,141473,46292,41160,20100,20435
11,"South Wales",51.652933,-3.021441,"South","United Kingdom","2018-04-30","month",3947169,5237230,1165,2716320,996898,46714,-0.0895,18,9,42,29,-0.19,0.388,0.18,0.171,2.69,98.1,79161,19890,19546,9541,10080,119751,38020,20618,13354,12280,163586,52365,17780,20576,22309,70463,25215,10637,9197,10211,106985,37245,25601,15822,13266,160313,52252,22163,20241,18321,99706,30092,13582,15822,13673,124521,29609,29895,13731,13025
12,"South West",50.371714,-4.140162,"South","United Kingdom","2018-04-30","month",3105433,3798247,1062,2565155,756377,36134,0.173,18,13,43,37,0.0267,0.058,-0.0656,-0.0574,0.298,43.3,156605,50689,31916,17608,19793,107809,35609,31452,21323,15690,115798,40240,25874,19159,13175,144109,49624,37394,16660,16541,156481,51938,26251,24853,20047,83596,32353,12339,11766,12378,74830,22642,13954,7918,9766,98358,20592,16987,17516,10292
1,"South Yorks",53.550871,-1.478309,"South","United Kingdom","2018-04-30","month",3328394,6155275,1195,2737634,761873,41531,-0.181,19,12,37,33,0.0508,0.388,0.123,0.289,3.18,53.9,100131,33037,18550,17830,12452,165831,64562,18857,17248,16966,63933,16103,13192,11705,6738,72817,10719,20009,10869,10319,64704,10653,15410,10378,6590,93172,26934,25105,14893,11285,115748,14898,28118,11865,15606,163732,47624,36296,23407,18474
9,"East Anglia",52.399452,0.264206,"South","United Kingdom","2018-05-31","month",2959679,6227413,1206,3950268,1011779,35647,0.0512,20,9,33,37,-0.0321,0.281,0.201,-0.0818,2.92,41.1,100532,27057,24448,12524,13712,165312,41845,33236,17355,20107,85296,22323,18490,9252,9891,120521,38953,19794,21439,15789,78949,28087,20063,9349,9675,124946,20491,23945,14081,15920,144684,44448,30067,18071,18312,76384,16770,8816,13484,9289
5,"East Midlands",52.522979,-1.467778,"North","United Kingdom","2018-05-31","month",3610400,4675997,1074,2623003,1036578,45172,0.0835,22,9,37,35,0.0873,0.0358,-0.0373,0.336,1.03,56.4,109272,13131,29530,17867,12200,87445,11321,14162,12327,8986,100137,10480,17322,16312,13602,85799,29856,21094,12886,11919,82744,29706,14561,11666,9066,110598,15046,12847,14174,11905,100985,25732,14545,12132,13230,145467,23972,36881,21313,19644
15,"Essex and Herts",51.963206,1.351792,"South","United Kingdom","2018-05-31","month",3801340,5060608,1133,3864995,939979,40911,0.153,19,9,30,27,-0.192,0.319,0.128,-0.0714,2.55,42.7,70767,17116,14854,7970,9717,66382,21475,13288,9219,8702,103433,35263,24353,17603,11657,142813,36643,38836,18579,19045,86745,29099,15539,14888,8701,153472,19009,31696,24080,17301,142980,47410,36623,28139,17306,123571,13137,33130,14920,17713
18,"Home Counties",51.352162,-1.993762,"South","United Kingdom","2018-05-31","month",3153486,3862642,1150,3233909,897743,41130,0.132,18,11,32,24,-0.141,0.424,0.182,-0.0109,4.37,82.2,124417,40683,20813,19447,17663,89423,12633,19030,15880,12434,111447,22856,23360,18113,11673,100341,31923,17791,17438,11124,66091,13068,12264,10881,8202,111366,24606,21677,20253,11921,139098,15559,33164,14774,17100,70574,24626,20406,10198,8306
4,"Lancs Cumbria Pennines",53.789622,-2.243294,"North","United Kingdom","2018-05-31","month",3170267,5811762,1071,2651235,996624,43200,0.027,22,9,28,22,0.0893,0.378,-0.116,0.154,1.38,65.5,164171,22759,36882,31425,24222,137541,53676,17369,27188,17051,155693,32311,26713,28356,17410,135861,43053,33269,15369,19624,160856,58408,30727,20534,21457,119643,19910,34632,22482,14823,88971,21460,21995,17375,12850,62680,11523,7433,7145,8402
6,"London East",51.537937,0.080932,"South","United Kingdom","2018-05-31","month",3659423,6197122,1203,3096389,773036,40791,-0.0275,22,14,29,27,0.0485,0.101,0.186,-0.00938,3.07,87.4,128642,36748,21011,13148,15188,150998,46157,17511,20064,18933,157517,27209,35091,26864,16549,74554,19008,17734,9241,9188,166147,26114,21560,32747,24289,154315,37668,25717,29173,15562,146731,55961,40446,26992,16735,84501,20005,13007,8960,9169
17,"London North",51.655197,-0.277485,"South","United Kingdom","2018-05-31","month",3068162,3991269,1128,3412255,797276,49800,0.0784,22,12,31,17,0.129,0.243,0.234,0.257,1.85,80.6,112030,32719,14930,13188,16231,136018,24077,15216,16031,17600,86091,29449,25547,15853,10827,155132,40429,45816,24563,23144,148219,34006,26296,21542,16170,108300,26341,10875,11363,15560,115240,28793,31340,19401,12297,76717,9883,8219,14960,9224
16,"London South",51.486872,-0.095581,"South","United Kingdom","2018-05-31","month",3627312,5316035,1107,3894892,970243,45586,-0.0292,21,10,38,25,0.182,0.11,-0.179,0.409,2.06,50.7,126326,34169,15452,21029,14704,121915,30129,24388,12709,13888,161918,53839,36281,30828,22802,121442,28626,29231,16312,15023,89151,19193,17270,11293,9618,67787,15703,7728,10624,9079,86089,27398,10542,15509,12392,94866,30492,24711,18812,12735
19,"London West",51.509384,-0.195825,"South","United Kingdom","2018-05-31","month",3655773,6053515,1138,3698857,829836,46797,-0.00546,19,10,41,35,-0.0865,0.378,0.0587,0.145,0.589,59.8,102668,19469,16600,12353,10743,128064,40673,34369,22810,16504,103662,30338,27255,13840,10803,70057,19736,7308,12931,9407,79488,18896,13640,14010,10176,133617,34333,29228,25002,19064,134629,26835,23441,17010,13730,134539,26790,20317,19289,14859
2,"Manchester",53.386478,-2.351433,"North","United Kingdom","2018-05-31","month",3032759,4582134,1162,3633671,940967,41542,0.0447,22,13,41,36,0.0953,0.48,0.22,0.196,2.58,44.7,101171,10745,25462,13719,11321,142066,28065,18306,15853,15740,69636,10700,9802,12951,9672,128155,50375,15460,21105,17293,153648,57549,38330,20897,18368,100900,11571,24785,17548,10664,112487,36027,19896,14062,14110,111970,18237,33041,17635,15236
3,"Midlands",52.435044,-1.892271,"North","United Kingdom","2018-05-31","month",2521533,5114596,1097,3179952,929991,49453,0.0766,22,11,39,34,-0.059,0.0392,-0.0375,-0.024,2.07,97.7,64539,25762,14435,12145,7684,122974,25198,31435,15609,16429,134880,47312,13846,22041,14877,129510,25944,21240,25758,14911,153628,17596,27044,25563,20327,68679,18705,14104,10510,7375,157545,55123,35854,18711,18809,72943,27870,10159,12839,7533
7,"NI Glasgow",55.860011,-4.253951,"North","United Kingdom","2018-05-31","month",2521937,4282872,1130,3780559,918166,42828,-0.0891,20,10,35,19,0.168,0.18,-0.0841,0.13,4.91,46.3,127758,22312,37528,15380,18160,166599,18137,47706,18427,19042,143005,25088,25594,22584,21272,153892,39597,29821,26113,18814,79284,16360,18572,8408,10591,156412,37316,33709,16891,18944,64709,10750,9423,12812,8474,156162,46589,41838,16175,19301
10,"North East",54.683629,-1.21324,"North","United Kingdom","2018-05-31","month",3098416,4480210,1106,2769906,818175,45339,0.107,18,9,28,20,-0.188,0.334,0.0687,0.26,0.314,90,81122,23844,13478,14195,11014,166408,38437,19088,30118,20935,69174,8310,17731,12047,9678,119179,38674,20568,15926,14641,158002,23447,25581,16856,17675,69386,10759,16043,7668,6961,99133,10424,22022,14033,13701,110597,44163,30950,13248,15923
0,"North West",53.027538,-2.175821,"North","United Kingdom","2018-05-31","month",2873011,5724262,1049,2614254,1000597,45843,-0.16,18,9,28,31,-0.167,0.489,0.167,0.0209,2.21,72.5,93986,9707,15262,14049,11972,66268,8734,16720,8141,9343,128449,26801,31286,15184,18307,105749,24926,23703,15695,15583,90910,26082,16325,10164,9280,147423,37178,23946,18758,21440,143902,22296,34363,17399,18591,139434,46405,27808,14644,20256
8,"Scotland North",56.45974,-2.973105,"North","United Kingdom","2018-05-31","month",3652265,5336381,1212,3936625,992061,48553,-0.0788,21,8,37,16,0.0622,0.211,0.112,0.0377,0.783,61.9,115627,28844,14140,13118,14644,162921,23616,44994,29987,18282,150397,33507,36988,16591,17809,69704,13473,19330,7709,9618,85301,30862,13734,15224,11511,156211,61915,44619,19976,17255,154551,56459,17590,21833,19748,149819,35053,31289,16403,19062
14,"South Coast",50.851834,-0.983612,"South","United Kingdom","2018-05-31","month",3100863,5969101,1069,3999850,788090,48664,0.0675,19,13,27,22,-0.141,0.384,0.229,-0.0864,3.96,96,80561,22521,12669,12736,10825,133301,14355,37733,22684,13354,141860,17045,15524,23284,17470,65059,16810,17008,7831,8694,132818,34634,36771,14965,19741,164243,50508,32402,19276,18909,75092,9152,19133,9783,7938,138477,19185,28817,25315,18220
13,"South East",51.134193,0.264491,"South","United Kingdom","2018-05-31","month",2631307,4585386,1242,3648284,988696,37136,0.106,21,8,42,16,0.0939,0.147,-0.101,-0.0783,4.06,40.6,119641,41929,32852,20422,14963,97175,34988,16839,11302,10183,74440,25017,15720,13614,10865,156036,44869,18220,22807,19299,124049,29798,32898,18053,16914,161779,24651,20253,19132,16747,109199,21087,15677,18660,13812,146700,56119,16511,28691,17014
11,"South Wales",51.652933,-3.021441,"South","United Kingdom","2018-05-31","month",3835659,4683267,1213,3639647,839386,49751,0.115,19,14,41,38,0.119,0.138,0.129,0.287,2.49,99.8,75945,22551,14668,8207,8901,147035,23524,24774,27966,19776,153512,60360,18215,19896,16477,87868,22567,18150,14837,10729,67965,14975,7415,10567,8920,121858,36588,26957,16970,16954,144933,48501,31530,19911,20565,70787,18115,15448,7591,7460
12,"South West",50.371714,-4.140162,"South","United Kingdom","2018-05-31","month",2591005,5763298,1222,3087925,891695,39358,-0.0117,20,14,42,19,0.028,0.409,-0.0748,0.351,4.51,58.1,153488,54222,19996,17496,21849,148543,47937,32707,29574,19857,105184,30813,25889,17733,12189,86466,24341,21036,14689,10471,118640,12530,11904,23019,12128,126385,43828,27701,15212,17603,73334,26152,16472,12586,9129,77297,9861,17912,11725,9438
1,"South Yorks",53.550871,-1.478309,"South","United Kingdom","2018-05-31","month",2848695,5901221,1081,3160784,878750,35872,0.048,21,9,41,24,0.117,0.0234,-0.0676,0.0946,4.5,63,142978,51995,26006,21860,21406,79382,23780,17346,9184,8782,79220,24643,15307,12614,11815,149238,33864,43273,18779,21498,80876,11457,17397,14719,10306,88609,30729,26214,15141,12253,150096,42397,35495,17780,16028,72128,12586,18345,7613,10587
9,"East Anglia",52.399452,0.264206,"South","United Kingdom","2018-06-30","month",2953774,5017661,1184,3921080,903658,42593,0.0606,20,11,35,37,0.142,0.084,0.0227,0.0102,2.06,73.5,103675,20980,18922,20150,13435,144811,45972,17522,28540,17058,73226,20681,12226,9706,7506,154178,18664,21945,19899,22021,119903,26121,34149,22031,16113,102566,26127,28351,18579,11307,65552,16648,14791,9528,7255,92244,28701,10102,17555,10447
5,"East Midlands",52.522979,-1.467778,"North","United Kingdom","2018-06-30","month",2582314,5822866,1179,3880824,842465,39631,-0.113,21,9,28,36,0.156,0.303,-0.0604,-0.0322,1.31,89.9,153956,43780,40657,21806,17860,116059,28879,17248,17480,12334,73415,12008,9743,12328,7393,100729,21829,28286,17843,12241,122872,39012,30544,19856,13319,85932,23643,22712,17185,9702,97148,28207,28994,14755,12987,107428,40036,19714,20439,12171
15,"Essex and Herts",51.963206,1.351792,"South","United Kingdom","2018-06-30","month",3768143,5947768,1241,2740077,790204,36174,0.0921,22,12,31,24,0.0705,0.496,0.0959,0.122,4.9,50.1,128324,25669,29464,23354,16769,98184,17261,14774,12828,14050,70334,16852,8720,10426,9993,138055,40004,36647,23696,14578,146136,30263,15655,17420,19113,153436,54544,17075,28604,20965,161616,53512,40394,17058,23947,162343,29866,21167,27766,20564
18,"Home Counties",51.352162,-1.993762,"South","United Kingdom","2018-06-30","month",3725102,5551159,1204,3284900,1013013,47474,-0.0774,20,12,40,23,0.0163,0.437,-0.103,0.112,2.19,69.3,164739,42987,46034,22201,24375,85600,27500,16374,9324,10884,85566,18726,18162,11150,10824,158394,53750,18504,19228,19060,63502,7737,15519,11632,8649,137510,14204,19822,19551,19025,121667,31963,17333,15891,12896,141103,32622,14257,19692,15019
4,"Lancs Cumbria Pennines",53.789622,-2.243294,"North","United Kingdom","2018-06-30","month",2693470,4249568,1131,3080804,912540,36002,0.122,19,8,29,27,0.108,0.419,0.163,0.0435,3.23,49.5,113807,29838,24828,13760,12022,96077,33341,11683,19046,11716,156633,48278,40406,19240,23494,104471,26703,10449,16669,12572,106820,37508,12843,20567,15826,95018,10120,24378,14600,14115,63967,19553,16786,11313,8197,165264,39171,37282,17626,19069
6,"London East",51.537937,0.080932,"South","United Kingdom","2018-06-30","month",2551762,5450297,1208,2823953,904941,37441,0.0487,22,11,28,29,-0.139,0.341,-0.053,0.418,1.85,68.7,141037,33612,27865,22452,20794,142025,42211,19486,26192,14905,69053,12764,12887,9459,10043,116777,19431,31815,21440,14606,102702,22723,12400,15458,13766,124996,41834,15869,19198,15934,100462,40043,17481,11609,13128,94268,16519,16062,10137,10604
17,"London North",51.655197,-0.277485,"South","United Kingdom","2018-06-30","month",3265640,5497689,1061,2679354,823148,47121,-0.0862,23,15,42,32,-0.125,0.212,-0.0788,0.274,2.34,89.5,123856,27603,31257,22541,13190,121258,37112,22592,13901,17670,119234,35563,29661,17705,15497,82739,28291,10351,11018,10013,115071,37682,16909,15727,16634,106403,33771,25078,14700,11548,99408,32688,27704,15163,10948,148086,26149,20725,24569,17889
16,"London South",51.486872,-0.095581,"South","United Kingdom","2018-06-30","month",3459405,5834928,1131,3376178,837913,36122,0.0278,18,14,43,36,0.0274,0.357,0.12,-0.00131,3.93,51.6,72540,23765,9555,8963,10588,128101,23836,23923,13316,19207,112592,19823,16995,16428,14636,92069,11511,12161,12823,9498,138656,32908,35105,21198,17125,107467,14389,31567,16026,15816,144392,32372,41648,28335,18909,81570,24156,14979,9156,8524
19,"London West",51.509384,-0.195825,"South","United Kingdom","2018-06-30","month",3757621,5701112,1086,3051683,1039946,35093,0.0136,19,11,30,32,-0.032,0.125,0.178,0.0386,1.15,95.9,72667,14208,12915,14110,9970,91794,26735,23127,11971,12654,100794,20558,22471,15573,11546,69965,7428,8429,9770,9634,124579,21398,24445,21635,17665,79688,30757,16433,9351,8018,82258,29569,9085,12538,10628,108595,39895,19928,12981,13888
2,"Manchester",53.386478,-2.351433,"North","United Kingdom","2018-06-30","month",3953402,4139497,1109,3546026,1030572,36943,-0.173,20,10,44,26,-0.0622,0.348,-0.166,0.435,0.379,74.2,70460,12718,15420,11518,7559,100641,20824,26415,17181,14678,88694,26252,12974,10103,11518,79333,8936,10208,14183,8582,139978,50348,18878,15074,20221,85409,15605,12727,14331,11787,93632,9875,10703,18609,12366,128116,45456,16987,12970,18280
3,"Midlands",52.435044,-1.892271,"North","United Kingdom","2018-06-30","month",3496412,5909313,1222,2846557,832240,41016,0.0801,21,13,37,25,-0.166,0.432,-0.0214,0.0088,4.06,76.9,141274,46372,41376,16503,15837,83308,18144,15074,8812,11334,166559,65420,28280,28661,24041,80980,8722,22193,15482,11459,77793,19984,20283,7967,8092,85717,29005,14370,12458,10934,166401,47770,38426,20940,17517,146385,24527,16957,22221,18065
7,"NI Glasgow",55.860011,-4.253951,"North","United Kingdom","2018-06-30","month",3126557,3789161,1130,2612009,1039586,48029,0.145,22,11,38,23,0.151,0.0819,-0.0917,0.467,0.905,74.6,93372,35967,22090,11064,11207,89970,18241,20311,17058,12284,152763,44105,33174,28196,19574,81785,20928,19971,13504,11822,112979,36387,17987,19022,13505,122125,25711,17984,12826,16138,143405,33269,27504,15629,16605,149700,30961,28149,24669,15517
10,"North East",54.683629,-1.21324,"North","United Kingdom","2018-06-30","month",3592249,6019964,1190,2703770,841459,44188,0.0726,19,12,38,20,-0.101,0.256,-0.152,0.119,3.72,55.2,82293,13836,23561,15218,9946,160563,62519,20702,20322,20746,164184,38872,19682,30400,24176,73970,26193,15022,11274,8990,94590,34475,26878,11972,11328,80939,14218,20305,12329,11105,160790,63018,39336,29797,20400,95214,32755,21007,16857,9542
0,"North West",53.027538,-2.175821,"North","United Kingdom","2018-06-30","month",3313690,5271522,1169,3167019,974151,48127,-0.0466,19,8,35,36,0.0628,0.0136,0.169,-0.0927,3.89,84.9,147409,52172,33347,28070,20058,83381,14700,12002,15624,11852,118591,32761,14433,13932,12879,162162,32651,39855,18223,16682,160811,56190,24656,24346,22572,120710,42819,18368,14118,14944,88683,16136,19189,11867,9789,159269,29536,34633,16280,19999
8,"Scotland North",56.45974,-2.973105,"North","United Kingdom","2018-06-30","month",2932201,3950412,1090,3757474,960797,48807,0.198,23,9,32,30,0.0733,0.14,-0.084,0.302,4.17,51.7,78258,9464,13490,8681,8647,105961,32384,12834,20641,12657,80685,17580,19171,15965,11587,148439,16973,32162,29230,20430,112859,19604,12784,13553,14569,98879,28551,28676,10902,13179,139958,30692,14258,16987,14195,134298,40099,27663,17464,20108
14,"South Coast",50.851834,-0.983612,"South","United Kingdom","2018-06-30","month",2958418,5691115,1183,2836416,886490,43197,-0.171,21,13,32,33,-0.117,0.341,0.0996,-0.0558,1.92,90.9,102142,12022,17061,14387,13026,85014,27599,12202,15844,9827,98636,15739,14516,16456,11854,81430,29155,11503,8523,10257,158695,17422,27045,27461,17569,80363,21831,11961,11952,10128,90827,15683,24786,11737,12791,157579,47991,32949,18131,21173
13,"South East",51.134193,0.264491,"South","United Kingdom","2018-06-30","month",3541551,6156196,1194,3455117,897354,45372,0.0495,20,9,30,20,0.11,0.189,-0.0167,0.433,2.05,64.7,99924,19087,21562,19252,12973,65645,24699,6807,10965,9109,84370,32596,17611,8952,9313,124977,15495,16431,22973,14656,109634,35186,11577,13473,12835,96925,28234,17146,17709,12923,74941,8410,10214,14870,8873,68890,21726,20457,12950,8181
11,"South Wales",51.652933,-3.021441,"South","United Kingdom","2018-06-30","month",3909903,5324161,1197,3158216,1002108,45832,-0.0521,20,12,38,23,0.116,0.424,-0.00803,0.198,0.424,90.3,99334,34331,20290,17267,12462,88695,23499,23154,12895,12263,159559,63697,29480,29888,22572,136292,48824,14964,21424,14226,70082,10508,7178,13665,9988,154120,40667,41010,16105,19419,102570,11112,17642,16526,15040,67515,13961,7066,9248,7217
12,"South West",50.371714,-4.140162,"South","United Kingdom","2018-06-30","month",2988800,4343150,1145,2565608,950287,42777,-0.0559,20,15,40,37,0.163,0.439,0.183,0.437,4.52,93.3,87264,24831,15342,12475,9958,103107,31740,30560,19956,13060,143021,19593,39763,25698,17537,156833,30851,33121,28651,18453,142126,26669,23372,25423,16683,69886,19312,19899,10640,9994,120475,28598,35181,19649,12468,165077,51159,28082,29071,18034
1,"South Yorks",53.550871,-1.478309,"South","United Kingdom","2018-06-30","month",3724869,6071521,1046,3455334,764072,49078,0.168,20,14,28,24,-0.147,0.406,0.206,0.36,3.59,63.9,128481,31894,27803,22126,18866,80882,20667,9330,10050,10353,98593,30605,12307,12541,12389,121480,47572,21115,17025,14536,141380,54196,23537,20231,15243,96585,37045,23741,11593,11197,160373,38859,24755,28505,19746,64761,14371,18543,11270,7223
9,"East Anglia",52.399452,0.264206,"South","United Kingdom","2018-07-31","month",2999256,5035567,1095,3358113,989763,36708,-0.0137,18,13,33,31,-0.0154,0.0634,0.176,0.173,1.91,80.9,160315,59742,29088,16427,20742,109079,31152,26438,13764,15480,163323,33761,17910,28531,18230,91372,28429,13791,18015,12479,88593,17273,9283,12780,12070,129887,42716,17221,17247,18217,161440,17930,22238,22644,21120,142751,46185,17396,20846,18666
5,"East Midlands",52.522979,-1.467778,"North","United Kingdom","2018-07-31","month",3679443,4125355,1062,3664969,948761,48862,-0.174,21,8,44,28,-0.161,0.0171,0.292,0.448,0.54,49.3,65501,14542,11011,9352,9607,91271,36302,9506,13182,12166,125809,23053,28409,18395,18411,158816,35009,36508,23113,20450,90058,26065,20172,13983,9962,113672,29050,25969,15233,13706,111559,17903,24201,17890,15088,156857,16527,42113,16272,20208
15,"Essex and Herts",51.963206,1.351792,"South","United Kingdom","2018-07-31","month",3441167,5489954,1049,3847129,1023202,48174,0.065,21,8,34,24,0.164,0.293,-0.00796,0.297,1.8,91.7,87489,19509,20504,10018,8764,135962,45357,14509,20235,20291,68051,26879,12078,13166,8751,152821,18735,37012,15777,16950,83729,9343,18370,14871,10754,92312,35304,11058,9308,10920,71698,22808,19707,13022,8614,70328,12636,11554,13510,9704
18,"Home Counties",51.352162,-1.993762,"South","United Kingdom","2018-07-31","month",3359781,5679853,1203,3857279,838519,40755,-0.0253,21,13,44,26,-0.178,0.119,0.0906,0.271,1.15,93,130983,32932,21794,22953,15576,117134,45615,32202,13103,11921,127388,35261,22106,13751,17338,91847,28479,10613,9680,12508,114311,37963,33997,13321,14869,140129,26106,37162,20663,14954,111764,25893,19986,18306,11737,137329,24324,30304,22486,18210
4,"Lancs Cumbria Pennines",53.789622,-2.243294,"North","United Kingdom","2018-07-31","month",3597335,4280046,1131,3923755,767425,40927,0.0155,22,9,43,16,-0.0196,0.259,0.154,-0.0445,3.61,74.1,78735,23144,19019,13349,11183,81090,31597,12174,13655,10344,135012,35160,20735,21640,13758,63058,9789,6849,11001,6827,144975,38404,35833,21588,18993,96297,25424,18477,17393,14431,116928,41670,27322,20008,16502,71794,20951,17887,13909,9939
6,"London East",51.537937,0.080932,"South","United Kingdom","2018-07-31","month",2710109,5607149,1176,3042779,849008,47509,-0.00148,22,13,26,40,0.154,0.0664,0.0807,0.481,4.88,89.6,93477,27132,9614,12135,12523,114591,32788,14473,20343,12514,121866,43101,30184,13191,13106,148980,20443,38342,15417,17944,97700,37556,20683,19113,12898,157243,47694,35223,31165,18128,140690,49991,37253,15456,15108,117664,12366,13447,22150,13886
17,"London North",51.655197,-0.277485,"South","United Kingdom","2018-07-31","month",3811271,4301837,1216,3510956,837503,37046,-0.0147,20,13,34,25,-0.194,0.182,0.264,0.478,3.98,92.6,166006,32286,45540,28047,18633,140068,38496,15025,15760,18898,96702,17415,23763,10053,12672,145459,38029,25609,23778,17851,149491,47488,24510,27392,18496,76301,18135,13449,11499,8923,73610,24199,18212,11157,8974,113478,32974,14011,18784,13456
16,"London South",51.486872,-0.095581,"South","United Kingdom","2018-07-31","month",3209515,6244401,1219,3385010,996367,35749,-0.192,18,10,44,34,-0.13,0.471,0.189,0.0582,3.84,52.6,150537,49739,34627,16368,18540,133316,40833,21471,25712,18627,114299,29451,32289,15715,15096,113405,15438,25864,15141,12270,146972,18113,31104,28442,14952,121555,33732,22908,14664,14742,140606,21155,27705,24011,18738,68589,9465,11711,8914,7910
19,"London West",51.509384,-0.195825,"South","United Kingdom","2018-07-31","month",2540006,4115884,1203,2902864,966936,35520,-0.183,20,9,29,20,0.0143,0.433,-0.159,0.0775,0.194,51.6,72140,10591,16768,8624,10251,116635,39124,24310,15436,14262,156681,26414,21844,20967,20530,77163,9642,17119,15311,10193,162633,39793,39377,31522,23906,68575,22665,7246,13473,7941,100147,27083,10998,16172,11937,120533,36896,15866,16900,14872
2,"Manchester",53.386478,-2.351433,"North","United Kingdom","2018-07-31","month",2607674,4384330,1099,3570014,1041555,36689,-0.125,19,14,38,20,-0.141,0.0382,0.152,0.491,0.291,50.9,151796,34430,19693,22302,15969,140884,49366,29249,15905,20461,88569,15631,14921,17709,9611,70604,24975,19710,10904,8556,146637,39318,38769,18180,18837,104138,31463,13120,14027,11486,74636,9653,10407,12712,10605,139909,36692,31850,20257,16570
3,"Midlands",52.435044,-1.892271,"North","United Kingdom","2018-07-31","month",3499074,5067181,1045,2745493,856803,48939,-0.000817,20,10,35,33,0.0666,0.0459,-0.0255,0.251,2.12,82.6,117499,17086,24200,13933,17091,103419,15277,19565,16599,15213,102622,40846,19580,16086,15192,94737,26793,19698,10567,12152,88759,18164,26215,12715,11667,97723,35708,14466,15976,13832,80753,27493,14788,9918,11574,155839,39975,36207,18514,19113
7,"NI Glasgow",55.860011,-4.253951,"North","United Kingdom","2018-07-31","month",3836610,6213466,1085,3723211,979489,44161,0.197,20,9,26,39,-0.184,0.198,0.0444,0.209,0.689,91.1,146800,57369,19950,18830,18913,144290,33963,28452,24377,18131,125630,23118,13750,14004,14929,86250,15673,11935,10566,8927,65402,12220,17369,12169,8070,164356,24880,29838,17830,19860,162403,40897,42131,19072,19576,114104,22879,27389,22079,14111
10,"North East",54.683629,-1.21324,"North","United Kingdom","2018-07-31","month",3199763,3965281,1152,3396801,788087,46185,0.0965,21,10,27,23,0.0151,0.35,-0.00875,0.304,2.76,80,138062,40070,39150,15747,17411,114005,32743,25230,21900,14549,73324,27440,18216,7601,8621,163174,30595,30320,16869,20073,101535,18214,11728,18379,14087,139711,53284,31532,23921,15862,102006,27737,30538,11859,12231,88427,20387,20991,11722,13224
0,"North West",53.027538,-2.175821,"North","United Kingdom","2018-07-31","month",2518132,3969163,1084,2985632,899371,40863,0.175,19,8,27,18,0.161,0.277,0.151,0.313,3.09,63,87459,24493,24578,11955,12564,126982,37114,18136,14484,14279,142000,21766,30811,20837,16241,115123,15493,26322,22634,13985,87890,24729,16713,12687,10801,107690,32149,18504,14863,12014,117066,18100,34012,12426,15012,159241,20257,36871,16870,22005
8,"Scotland North",56.45974,-2.973105,"North","United Kingdom","2018-07-31","month",3625141,5774914,1153,3842830,996067,42833,-0.132,21,9,28,36,0.187,0.345,0.28,0.0374,1.49,58.9,65286,17774,8120,6708,8372,105359,12066,30556,18175,13984,93986,19323,25473,13974,13608,147519,17891,24009,26080,15146,75017,21677,9567,14213,9630,106538,41124,12438,21181,11727,63493,14431,16460,11914,8003,155433,26237,17590,16866,18853
14,"South Coast",50.851834,-0.983612,"South","United Kingdom","2018-07-31","month",3724267,5653061,1044,3818734,780775,46746,-0.00725,20,10,42,27,-0.105,0.198,0.11,0.129,0.114,68.3,78742,9562,19169,9555,9970,137193,30929,31735,16404,14711,145859,22519,41899,17523,18783,160469,23250,22113,17529,22395,149568,39731,15693,28996,21129,143514,28564,14746,26830,20699,90815,35521,26597,11626,9313,128085,34633,21369,24950,15638
13,"South East",51.134193,0.264491,"South","United Kingdom","2018-07-31","month",3801605,3975692,1084,3908182,862271,42365,0.105,22,14,42,22,0.178,0.486,0.299,0.306,4.71,77.8,145089,20423,16778,16757,16288,109997,24378,17305,15621,11053,164255,61867,43840,16449,18355,156386,42516,35266,21176,19363,152571,28739,44945,26131,16969,106822,36089,23505,11636,15736,66815,18242,9037,12374,7336,104507,36076,19794,15899,12170
11,"South Wales",51.652933,-3.021441,"South","United Kingdom","2018-07-31","month",2551731,4549260,1052,2696216,775776,40722,0.136,21,14,43,26,0.00226,0.385,-0.174,0.292,1.66,77.3,94549,16455,24943,18275,11741,145039,31300,30882,28813,16946,84864,18818,14274,14292,9977,89918,20208,19120,17663,10933,87885,30184,23362,11598,9713,140292,16966,23790,27583,14439,94935,10873,20051,10775,10254,113355,44109,12421,21235,11845
12,"South West",50.371714,-4.140162,"South","United Kingdom","2018-07-31","month",3803411,6002321,1063,3721038,897531,35146,-0.196,22,9,30,21,0.000348,0.0806,0.257,0.344,4.74,81.4,155313,19234,32329,18057,20508,148692,56526,18433,16122,18410,93541,13186,26616,12226,11829,67265,12237,12818,10775,8001,117661,41728,22410,13662,16126,142438,50364,18850,17228,16846,107248,27128,21597,12323,13927,92689,24705,18371,17049,11320
1,"South Yorks",53.550871,-1.478309,"South","United Kingdom","2018-07-31","month",3639127,5377960,1090,2608947,1026184,34079,-0.178,23,14,37,22,0.146,0.366,0.135,0.258,1.55,75.6,159095,41462,18107,25956,20495,122821,17629,15190,20201,13417,81953,9925,21653,11237,9677,72931,27550,8728,9303,8033,162713,31639,32231,24154,20961,138961,33503,16123,21042,19450,160448,62391,16542,23476,22177,140159,53709,40887,20985,16883
9,"East Anglia",52.399452,0.264206,"South","United Kingdom","2018-08-31","month",2822168,5030575,1166,3043244,805891,38366,-0.0869,19,9,33,39,0.0243,0.395,0.128,0.485,2.63,95.4,134788,46553,29561,17384,17604,130644,35768,38503,14617,17119,149806,20733,16298,27714,16008,76839,23496,13460,13031,9557,152665,39004,30755,18799,22447,150778,48111,38626,19072,15101,82968,26929,20496,14095,12000,133857,44661,17578,20372,15213
5,"East Midlands",52.522979,-1.467778,"North","United Kingdom","2018-08-31","month",3467291,5794766,1114,3631905,756610,38799,-0.172,20,14,26,27,0.0889,0.291,-0.112,0.198,3.9,85.8,83903,29945,10325,16152,9680,83781,33355,20752,11473,10930,113759,36904,24109,21586,13580,129713,20259,29544,16361,16588,102015,36421,24679,10481,13064,103191,20470,19368,14298,11996,69393,20706,7552,9086,7501,63015,22333,15020,8232,8792
15,"Essex and Herts",51.963206,1.351792,"South","United Kingdom","2018-08-31","month",3031768,4882900,1214,3308082,878580,34743,-0.0976,19,14,30,17,-0.0389,0.38,-0.0556,-0.0213,4.31,84,63890,11821,17705,9796,9254,106714,42373,20120,14401,10719,131568,19911,30202,19118,19286,77827,10838,10629,10050,8691,72209,28810,7342,10918,7306,109974,35879,12826,14959,16103,69866,7633,15503,9216,7466,65233,8777,19316,7977,6888
18,"Home Counties",51.352162,-1.993762,"South","United Kingdom","2018-08-31","month",2812215,5227710,1111,3035295,941217,40068,-0.113,22,13,41,25,-0.017,0.0848,0.0274,0.451,3.56,42.9,101981,30106,25196,17857,13488,123529,30061,18899,13711,17131,97050,24266,15367,16919,13286,159456,42849,35281,19925,16611,146431,16644,41840,24870,16430,135969,28543,37835,14323,17260,111216,21690,21325,18858,12507,69437,7709,8418,10915,8528
4,"Lancs Cumbria Pennines",53.789622,-2.243294,"North","United Kingdom","2018-08-31","month",3855766,4730046,1095,3548291,900722,45862,0.171,22,12,25,23,-0.168,0.193,-0.15,-0.0965,3.94,79.6,69304,23882,8432,9751,8003,70887,7641,8009,10629,9644,105001,33600,27512,15509,13624,128380,39727,37662,18291,14051,96640,23000,20000,16198,9914,141747,15786,17233,28255,16868,143167,30974,20665,20951,21344,152242,30248,41562,27796,16949
6,"London East",51.537937,0.080932,"South","United Kingdom","2018-08-31","month",3728037,5375859,1138,3972188,858584,44028,-0.0403,22,15,44,33,-0.0817,0.378,-0.137,0.442,4.02,53.8,163099,48478,36259,30828,17952,63995,11352,7842,8793,7832,127462,45786,13568,18363,14403,90225,19509,18705,9264,12054,113441,14203,30095,20256,13891,96319,35918,26377,10629,13112,140022,44815,33978,20459,20402,76226,8614,15558,12982,9825
17,"London North",51.655197,-0.277485,"South","United Kingdom","2018-08-31","month",3422903,5516584,1188,3202198,1023502,43207,-0.000927,20,8,44,25,-0.0297,0.406,-0.0532,0.298,0.82,46.4,99454,11473,27556,12394,14352,135347,29546,32886,23126,14270,138039,49811,32849,22079,15794,124910,39184,13510,16787,16072,126378,15917,20477,16438,17708,134717,17870,28535,23470,17841,103105,38237,12671,10827,12136,77767,21174,15237,12876,10949
16,"London South",51.486872,-0.095581,"South","United Kingdom","2018-08-31","month",3706732,4109335,1180,3599627,870139,33777,0.144,21,9,31,25,0.185,0.398,0.0896,0.166,1.14,85.3,118303,16108,11911,17537,12658,81972,21710,13254,10865,9557,161248,33636,41721,18787,21269,144202,42942,28802,17371,16424,97278,31385,22661,17848,14294,77427,17419,21559,14152,9448,126342,33361,26556,19771,17274,110893,33024,31867,19670,15983
19,"London West",51.509384,-0.195825,"South","United Kingdom","2018-08-31","month",3009504,3859556,1097,3927058,823653,49843,-0.0351,18,13,26,19,-0.0131,0.196,0.144,0.231,2.58,58.4,91144,32241,14035,10846,9684,95453,11257,10596,9989,13520,110556,38352,27001,18921,13710,69257,18495,16046,8127,8999,116191,42279,16477,18146,16445,115323,39149,34129,16191,14707,96844,21965,13024,15603,14063,149755,50869,41454,21428,18937
2,"Manchester",53.386478,-2.351433,"North","United Kingdom","2018-08-31","month",3398972,5718727,1157,3219760,863478,46506,-0.191,19,10,44,17,-0.0925,0.488,0.149,0.482,2.87,83.9,156767,61513,31287,29692,21894,126487,32684,33013,21804,17427,90692,26526,14705,12107,12851,77405,26575,12049,15086,8420,110134,30944,11629,19700,13059,91379,29460,12530,15252,13204,79413,31746,9615,14122,8239,113149,32649,15843,13912,13533
3,"Midlands",52.435044,-1.892271,"North","United Kingdom","2018-08-31","month",3218185,3887740,1067,3736496,884567,46767,-0.12,18,14,29,22,-0.179,0.41,-0.0102,0.0993,2.72,91.4,98933,15829,18522,18897,12076,85513,14200,14936,11285,11228,88718,12854,24477,9221,9683,100695,12738,13586,19223,13727,113839,36991,14102,21555,16214,85975,21258,25445,11461,11690,64362,12762,9752,12603,8974,84457,14274,22978,12410,8458
7,"NI Glasgow",55.860011,-4.253951,"North","United Kingdom","2018-08-31","month",3909949,4070175,1098,2716276,919187,43212,0.0503,18,13,44,32,-0.0179,0.206,-0.156,0.468,2.63,83.2,127280,36840,30598,19484,16899,125613,39972,24159,18232,16281,110139,28323,23454,12053,13638,92354,31422,23486,9487,11512,112216,32483,29544,19783,13077,86828,32987,10946,14479,9260,99655,26291,13950,18447,10289,67710,26579,15037,10621,7337
10,"North East",54.683629,-1.21324,"North","United Kingdom","2018-08-31","month",3841296,6170127,1112,2634915,873429,44887,-0.0596,21,10,26,35,-0.0335,0.173,0.0259,0.353,2.95,88.7,146997,30264,41992,27541,15771,163504,64450,48136,25183,23504,95097,34294,23652,14853,10812,103426,18777,18850,20165,14572,95650,13779,16515,10770,10934,154095,24325,23919,22468,16114,112802,37492,22858,16761,13235,136949,23155,31405,21060,19497
0,"North West",53.027538,-2.175821,"North","United Kingdom","2018-08-31","month",2808247,3985648,1205,2613263,759589,35062,-0.104,21,14,30,33,-0.186,0.321,-0.0937,0.24,2.37,86.2,116011,12393,26122,17388,16425,84704,29403,20160,8686,8937,110676,26517,16469,17877,12771,116633,45057,17422,17023,12332,80191,17618,17468,10571,10337,130561,16941,19011,20467,18009,80399,22280,17064,13829,11117,116676,11714,34645,13326,17412
8,"Scotland North",56.45974,-2.973105,"North","United Kingdom","2018-08-31","month",3878211,5667981,1198,2715183,894713,34031,-0.00608,19,9,27,18,-0.144,0.493,-0.0769,0.468,1.56,43.5,151840,27189,25497,15510,20634,163597,24296,38024,31445,17941,150140,42672,27630,18560,18597,94827,32921,18708,17962,11670,132176,47153,17075,21364,13937,136988,47950,24079,26504,19283,70203,8338,20251,10186,9552,91251,9656,15695,17304,11979
14,"South Coast",50.851834,-0.983612,"South","United Kingdom","2018-08-31","month",2595701,5605868,1091,2791698,756007,47325,-0.0751,19,11,34,33,0.193,0.256,-0.102,0.268,2.87,48,68871,18962,18139,12305,7002,110634,41655,29238,17000,11836,152332,19933,44154,25760,18901,113617,33993,29509,15174,14988,149257,20215,26484,22213,21684,127794,34843,37150,20347,18821,103155,29955,21265,12418,13269,71895,10273,15789,12980,10410
13,"South East",51.134193,0.264491,"South","United Kingdom","2018-08-31","month",3126297,5627774,1137,3236094,790740,33712,0.0502,19,11,32,29,0.191,0.379,-0.154,0.293,4.92,76,81362,9014,22559,11387,8597,91803,21971,24111,13707,13392,166121,57458,29282,24277,22217,73791,8817,16371,7478,8470,156903,20710,32082,21017,21218,113889,12799,31122,22399,16163,105529,34933,25966,12206,13111,67915,7250,8558,9292,6942
11,"South Wales",51.652933,-3.021441,"South","United Kingdom","2018-08-31","month",2936209,3817196,1047,2710686,988812,48037,-0.174,20,9,35,25,-0.131,0.0899,0.155,0.0533,0.238,81,92477,13794,21823,16856,12179,66287,18730,7717,8200,8112,129143,18008,19129,24901,18431,156177,61185,37148,27444,22034,64237,21152,15716,7870,7625,160605,35714,27446,19682,16535,78497,9489,9380,9515,8993,117507,31942,17672,13323,16267
12,"South West",50.371714,-4.140162,"South","United Kingdom","2018-08-31","month",3249677,5578878,1196,3936697,809040,41370,-0.0666,22,14,32,33,-0.122,0.192,0.169,0.276,1.29,63.9,132303,42333,21866,18663,15379,155563,25171,29728,21545,21280,110910,33646,28467,15549,11891,142289,30007,41802,15597,16088,146365,52570,21969,26651,20098,89491,29096,23947,9088,9316,93632,27206,15911,15981,9774,97315,17168,21916,16289,11781
1,"South Yorks",53.550871,-1.478309,"South","United Kingdom","2018-08-31","month",3352851,5154112,1107,2508235,829795,36042,-0.14,18,15,41,30,-0.00778,0.13,-0.102,0.0345,0.594,83.5,69321,13733,16502,7890,8761,64093,22872,17977,7181,9510,78350,12739,11598,11953,9699,148173,41264,34436,15808,21810,105787,12098,23215,11273,15220,103968,38824,30419,18052,12504,73049,12648,16486,12514,8249,101025,23429,21060,15677,10557
9,"East Anglia",52.399452,0.264206,"South","United Kingdom","2018-09-30","month",2844483,5000399,1116,3643039,790700,48906,-0.0363,18,10,29,25,-0.0577,0.462,0.0235,0.473,3.86,89.1,80188,14124,12088,10456,9987,151342,54494,44295,20489,22525,166156,64663,29368,21441,21701,87498,16609,13177,11930,11138,100056,34319,10596,14271,13019,154629,24274,45983,22786,15882,89426,10898,13404,11485,11671,133415,39304,20444,25430,18201
5,"East Midlands",52.522979,-1.467778,"North","United Kingdom","2018-09-30","month",2785840,3919003,1095,3844389,957211,43303,0.023,21,15,45,35,0.0753,0.276,0.0192,-0.00412,3,66.5,144369,22816,39274,20365,19177,114695,15091,32663,18823,13502,104491,17130,18042,17905,12739,74662,14222,15823,8568,9843,104641,28057,22750,20484,15123,77987,19800,14462,9318,9683,129760,33124,25869,24762,15868,93804,9755,26714,13826,9673
15,"Essex and Herts",51.963206,1.351792,"South","United Kingdom","2018-09-30","month",2925240,3937725,1198,2541105,994127,35728,-0.0225,19,9,45,34,-0.0882,0.262,-0.0289,-0.0113,1.29,44.6,98608,11016,15395,16521,14378,106823,25504,28770,20383,12792,99408,15595,12407,12665,10422,153360,45969,45648,20227,17790,165412,43941,40835,18638,19186,93557,21001,14881,15071,12284,129316,44239,22274,23158,15621,143071,25232,37953,16093,21327
18,"Home Counties",51.352162,-1.993762,"South","United Kingdom","2018-09-30","month",3173470,5887593,1087,3447380,960423,35545,-0.103,20,13,43,36,-0.036,0.241,-0.103,0.202,0.258,65.9,166103,21916,16620,26115,18602,161720,51303,25096,31666,22249,86439,14160,16296,12807,9710,80393,19458,20843,14020,8531,71781,21346,11406,9230,10259,129310,17118,27833,15022,17534,80548,20059,10854,8585,10146,70965,10537,16682,13642,7590
4,"Lancs Cumbria Pennines",53.789622,-2.243294,"North","United Kingdom","2018-09-30","month",3267243,5732942,1199,3902670,848094,37652,-0.0242,22,11,26,28,-0.0515,0.379,0.153,0.46,4.13,55,149486,30489,19091,27780,19989,164515,62825,22765,32699,19136,146503,21660,32592,22284,17160,116059,26444,32012,17252,14512,97551,27764,10103,13177,13357,71999,13328,19257,9305,7235,109963,12005,12955,16250,12169,159894,58274,36407,28679,19044
6,"London East",51.537937,0.080932,"South","United Kingdom","2018-09-30","month",3040810,4133305,1043,3991023,1027132,42367,0.0816,22,13,27,15,-0.187,0.462,-0.103,0.498,3.07,80.5,148931,49023,25157,22359,21192,83109,14656,18105,11595,9511,117690,19819,22553,20482,12977,131707,20325,18875,16465,15089,140331,16588,32610,21003,18193,62712,10937,8603,12490,8831,96453,29251,17945,17529,12198,87556,9512,20626,9186,12837
17,"London North",51.655197,-0.277485,"South","United Kingdom","2018-09-30","month",3206441,4548051,1240,3380883,887390,34627,-0.0946,22,12,36,37,-0.0659,0.386,-0.166,0.103,3.81,62.2,109775,23478,15459,13505,11302,158252,41686,23626,30840,19380,165468,60561,46749,18857,16637,128271,49442,16448,17311,16177,104480,36518,12370,12520,13815,99330,14647,11633,17124,9950,148627,48376,42788,15924,16552,151187,15840,23011,24356,20188
16,"London South",51.486872,-0.095581,"South","United Kingdom","2018-09-30","month",3765174,5040869,1054,3809636,766316,44876,0.114,19,10,26,24,-0.0188,0.307,0.0257,0.113,4.16,43.8,70469,26737,15393,13281,7569,130615,45526,33254,16139,13671,115573,14386,17739,17229,13899,66445,14667,17424,12372,6821,127849,17793,24885,16191,17190,155419,59090,31176,21466,21798,88015,31226,19079,14068,11318,142137,27820,41416,20633,18203
19,"London West",51.509384,-0.195825,"South","United Kingdom","2018-09-30","month",3666184,5984834,1148,2586827,856301,44603,0.0295,21,9,40,39,0.165,0.345,-0.0884,0.275,2.13,82.6,70819,18282,20384,9440,9039,164240,36413,47021,29966,22307,132376,26947,37962,13716,15698,140693,46439,18652,15865,15738,130050,51761,32792,24265,15715,150691,36657,19646,28305,20975,154899,48992,33811,20453,18307,70485,16284,21065,12520,8760
2,"Manchester",53.386478,-2.351433,"North","United Kingdom","2018-09-30","month",2862345,4660086,1093,3465334,1009784,42016,-0.133,22,14,26,19,0.198,0.414,0.197,0.412,1.49,70.3,71211,20699,14956,13805,7204,156171,36394,25324,30978,22417,115576,30889,17247,20749,15895,107170,22487,21728,14410,12949,84387,11453,18509,14842,9579,63178,10644,12289,12620,6787,67805,19537,13835,9130,9536,122492,29865,33707,21342,12297
3,"Midlands",52.435044,-1.892271,"North","United Kingdom","2018-09-30","month",2998516,5908716,1145,2890988,959228,37968,0.0559,23,10,39,22,-0.176,0.165,0.0874,0.395,4.81,59.6,93272,33737,23425,17685,12388,123022,27896,20840,17170,15486,111778,20382,19483,18865,14783,107635,39473,31222,20419,15656,97614,35495,21940,18661,13146,117592,41111,26534,20980,15830,129308,41232,27004,15762,18839,67741,25912,18560,11849,9435
7,"NI Glasgow",55.860011,-4.253951,"North","United Kingdom","2018-09-30","month",3906165,5821679,1197,3691053,876012,41790,0.111,19,15,41,33,-0.0908,0.26,0.0334,0.0489,2.81,90.5,164043,60616,38994,17892,17401,140895,30472,19847,26153,18410,138359,53384,25865,19849,14503,93615,29179,24722,15457,10317,122788,17577,31396,22386,13522,105040,31502,18872,18315,15166,125067,26247,18016,18392,15940,117603,41492,20757,15993,17151
10,"North East",54.683629,-1.21324,"North","United Kingdom","2018-09-30","month",2951315,6048137,1155,3410864,868218,33716,0.0116,19,11,36,18,0.0165,0.107,0.231,-0.0661,2.86,91.5,85414,30418,10057,9772,9065,112193,14617,19299,19629,12073,99613,33183,16486,16716,11395,87835,32744,13315,8785,12449,105882,24323,16252,13902,13379,65203,21431,13251,9045,6864,113389,32891,16676,15124,13101,95718,26139,23414,19032,11319
0,"North West",53.027538,-2.175821,"North","United Kingdom","2018-09-30","month",2557162,5812517,1189,2775785,1036173,40480,-0.000491,22,12,27,36,-0.176,0.351,0.0691,0.0418,2.19,65.5,110302,34940,25773,16780,16225,160934,56128,36271,18785,19158,86372,30817,12922,11744,9357,133984,45716,32091,19216,18283,111855,13689,31885,13251,15609,88046,17832,24569,16723,10645,68372,21703,19175,7917,7279,132783,21772,20032,24907,13849
8,"Scotland North",56.45974,-2.973105,"North","United Kingdom","2018-09-30","month",3443268,4827576,1227,2571635,829354,39522,0.0245,23,13,41,39,-0.192,0.391,-0.0486,0.074,3.88,66.1,97473,13424,12032,13277,12716,82149,23364,17872,13971,11584,90847,25298,11509,9453,12133,100586,16576,23087,17914,13652,62963,19362,18873,11921,8188,148516,29124,35291,28914,20001,97816,23211,11662,17278,11106,134957,48914,31801,26166,15787
14,"South Coast",50.851834,-0.983612,"South","United Kingdom","2018-09-30","month",3010869,5667825,1174,2542105,877344,46477,0.098,19,13,27,31,-0.098,0.399,-0.036,0.0687,4.01,40.4,150758,23391,32234,20582,19777,123294,26971,35426,17019,12346,162639,60172,38540,30124,20923,116393,37933,12683,13722,14490,140355,41566,33860,23359,21020,134106,47997,21269,18455,14778,107343,34142,15573,21287,12658,120190,23947,25241,12119,13532
13,"South East",51.134193,0.264491,"South","United Kingdom","2018-09-30","month",2780222,4058762,1047,3430625,986298,36022,0.112,23,14,42,39,0.0869,0.338,0.187,0.015,3.29,83.2,76392,20011,22020,12776,7651,62588,19278,13152,12134,6935,110330,21739,28084,12053,11703,125909,24917,23956,18112,17861,142901,14431,40967,24975,18173,138595,44811,24190,20882,17518,162237,16431,40414,30675,20667,162151,23877,39011,29040,21021
11,"South Wales",51.652933,-3.021441,"South","United Kingdom","2018-09-30","month",3521362,5640613,1149,3637904,778499,37660,-0.0124,21,9,33,20,-0.149,0.443,-0.162,0.148,0.243,77.1,136982,20513,30398,25589,18069,130350,17834,16144,18645,18467,146307,20485,39929,22407,16570,147179,14763,29756,23648,18914,99420,10597,19599,17815,10705,151935,23942,41193,15511,19916,70052,10239,18234,9062,7749,65341,20948,11037,10383,7999
12,"South West",50.371714,-4.140162,"South","United Kingdom","2018-09-30","month",3600496,5520740,1149,3015562,868250,46566,0.0838,22,12,29,40,-0.0424,0.0243,0.125,0.123,0.647,49.5,166546,25545,30354,16735,18747,151421,23900,24827,23750,20184,118255,23764,32398,15227,15155,90761,11490,23613,12903,11665,71507,16534,13058,13679,8488,72826,28679,9005,9190,10331,112751,16654,31719,12786,12949,111344,41418,14959,18246,12623
1,"South Yorks",53.550871,-1.478309,"South","United Kingdom","2018-09-30","month",3112519,4354740,1089,2779469,817168,34405,-0.045,21,10,28,23,0.023,0.218,0.0395,-0.00574,3.51,49.9,64249,14181,10344,10078,8711,124701,16781,27674,15293,14537,166008,31762,25040,32814,16677,153241,18243,26453,17494,16422,159943,38819,39345,23153,20858,123694,23985,26003,23683,15887,135087,43727,34258,26503,15847,85158,22411,21678,11107,12305
9,"East Anglia",52.399452,0.264206,"South","United Kingdom","2018-10-31","month",3948954,5894404,1230,2884878,870901,46208,0.142,23,13,31,17,0.0393,0.209,0.13,0.377,1.24,99,148935,33552,42328,28759,17352,116643,42535,16452,17916,13769,152439,60016,33881,27074,19435,124028,43213,34567,13783,17194,126986,27372,14396,23957,13999,85250,32307,21227,9696,9170,124929,38614,23001,14133,15479,115550,42309,31694,21567,15488
5,"East Midlands",52.522979,-1.467778,"North","United Kingdom","2018-10-31","month",2880555,4792764,1115,3443113,907420,38795,0.0927,19,9,25,40,0.0482,0.169,0.0782,0.245,3.15,54.7,139331,17949,23471,23347,18633,86548,13095,21400,8709,10686,116236,13418,27685,17777,17092,73996,16595,19738,9790,8749,157492,33797,19838,26912,20275,71514,9345,14605,7567,7324,82282,25507,14254,14091,9500,115211,13789,28192,12801,13584
15,"Essex and Herts",51.963206,1.351792,"South","United Kingdom","2018-10-31","month",3318328,6191999,1048,3208417,980059,49181,0.166,20,11,39,22,0.0252,0.153,-0.166,0.442,3.01,58.2,163510,52552,37651,20681,21781,99674,27104,26519,18298,14754,140832,28157,27828,15237,19531,63126,15152,10560,6729,6352,99682,12664,12508,18108,11366,88588,29504,11260,9736,10718,81861,11788,14026,11328,10787,165970,51825,34445,17167,20067
18,"Home Counties",51.352162,-1.993762,"South","United Kingdom","2018-10-31","month",3495601,3879350,1238,3191179,924858,49682,-0.0309,21,9,32,25,-0.0895,0.328,-0.127,0.0978,1.63,63.3,94162,15736,25588,10035,13585,118792,37711,20763,19195,11908,156723,62618,24119,24729,19628,138371,20787,20334,19908,13893,117015,45916,32162,22535,13564,65852,15767,10174,8205,6638,92803,35186,19588,16837,10569,137140,50610,31753,20397,19713
4,"Lancs Cumbria Pennines",53.789622,-2.243294,"North","United Kingdom","2018-10-31","month",3371521,5283684,1220,3034424,780102,46405,-0.0239,18,13,42,38,0.125,0.443,-0.0972,0.117,1.98,81.3,66618,23617,9169,7726,9334,120382,29200,32901,23937,16290,66281,15683,17923,11543,7854,137477,51197,20214,26382,16210,94342,9748,9825,18815,10495,143247,28005,38706,21963,17549,84827,24158,12038,12722,12535,164680,20528,17216,22618,16737
6,"London East",51.537937,0.080932,"South","United Kingdom","2018-10-31","month",3035578,5192970,1073,3081251,883706,34848,0.143,20,10,41,32,0.0257,0.0231,-0.108,0.0967,2.98,68.7,105542,15340,14159,17831,14024,92255,25989,20613,13133,12335,103153,34757,19306,17070,15077,103958,27369,28281,19555,13719,96901,23486,18362,16302,10504,106152,17495,20470,18461,14715,105351,35685,16251,12815,14858,90010,21390,15561,17547,9076
17,"London North",51.655197,-0.277485,"South","United Kingdom","2018-10-31","month",3571554,4882761,1101,3285133,875484,44059,0.139,19,14,30,28,-0.0422,0.0302,0.0281,0.317,1.47,66.6,123181,18966,21786,22628,13356,160387,35588,37129,26784,17968,65294,22850,13645,10081,9165,119934,35877,19584,13193,14910,73006,27382,9476,12748,9529,84637,22954,22590,11423,11482,87694,12224,20464,15859,10061,86222,18127,20468,11138,9661
16,"London South",51.486872,-0.095581,"South","United Kingdom","2018-10-31","month",2701942,5247344,1079,2648812,770788,46459,0.0342,20,13,32,18,-0.136,0.289,-0.0207,0.367,3.26,46.8,84915,8497,15728,15492,10996,77400,10007,8401,8051,8609,96887,36042,22494,18734,10338,154309,17172,45283,29529,17702,113850,13189,24509,16866,15188,73576,17031,15714,7988,7725,166343,57659,36973,18468,21201,75329,24161,21139,14619,8981
19,"London West",51.509384,-0.195825,"South","United Kingdom","2018-10-31","month",3785184,5085811,1160,3060262,928538,39338,-0.0243,21,10,39,28,0.141,0.5,0.143,0.379,0.125,93.5,135300,18569,13982,14854,19354,152213,33965,20754,21421,17780,164256,45479,27944,27702,22172,140503,25320,16583,23091,18309,74778,11339,15769,9786,7882,87083,13975,17527,13837,9260,105410,22753,18407,12783,12406,104318,28624,12308,13720,10977
2,"Manchester",53.386478,-2.351433,"North","United Kingdom","2018-10-31","month",3754757,5134038,1052,3438966,859485,47195,0.0874,22,8,35,33,0.0279,0.0429,0.28,0.409,2.77,77,161869,17705,24573,20345,16547,161739,20655,44020,30857,21739,144021,24041,36033,27830,14739,101133,28635,18205,11093,13902,109454,19191,32005,19740,11980,79837,28187,15475,12644,8887,151693,55871,35870,19994,22694,66631,18243,8139,10979,6761
3,"Midlands",52.435044,-1.892271,"North","United Kingdom","2018-10-31","month",3420152,3845716,1173,2547159,948313,47999,0.0926,22,12,39,35,0.123,0.438,0.234,0.44,4.55,97.7,112935,34725,18620,19405,12067,80895,28094,15566,9818,9120,94627,24465,24703,9679,12817,86531,22931,11167,12077,8704,113158,18458,18074,19864,13953,111862,16678,11766,16370,11394,155212,54389,40612,25196,20870,126593,45257,14786,15165,17190
7,"NI Glasgow",55.860011,-4.253951,"North","United Kingdom","2018-10-31","month",2732207,4259935,1059,2966326,996895,37740,0.0683,20,8,32,25,0.145,0.392,-0.13,-0.042,4.06,79.7,146842,55596,23586,27448,16245,128833,22747,13477,17786,16910,125121,43164,32127,24894,13517,127349,47240,35748,20264,18175,122331,22051,18737,13889,12534,99822,31915,13004,12383,11774,108348,37199,30335,15959,13684,111717,11508,20661,12274,13537
10,"North East",54.683629,-1.21324,"North","United Kingdom","2018-10-31","month",3778740,4844818,1060,3399564,887232,33623,-0.0436,20,12,41,33,0.138,0.24,-0.0452,0.351,3.48,51.1,81394,9764,20519,9640,12186,119631,27329,22989,18347,15375,126403,25033,18118,17621,15336,94585,19284,17175,11974,12817,67872,17654,20204,9759,8476,66227,15028,11057,12355,9367,130689,23639,25963,16780,16706,91495,11323,9836,14228,9215
0,"North West",53.027538,-2.175821,"North","United Kingdom","2018-10-31","month",3640905,5072847,1076,2836665,918459,39702,-0.171,20,14,30,22,-0.17,0.245,-0.0986,0.204,0.495,94.1,130413,44712,31631,17569,17478,155091,47809,31865,17356,20772,113256,38930,19433,11855,12129,142870,30614,24400,21179,14388,74073,16942,14556,11596,7415,109367,33565,30386,12351,13462,113287,20943,13002,16461,13673,69352,17156,9137,7943,9778
8,"Scotland North",56.45974,-2.973105,"North","United Kingdom","2018-10-31","month",2813763,5162954,1133,3800624,953699,34811,-0.134,23,8,42,38,-0.00786,0.354,-0.0642,0.386,2.34,44.6,74799,25739,10267,8581,8907,75774,20388,13960,10994,9970,133803,38390,29464,23179,13385,105669,38714,12329,19917,13010,125625,19867,22993,17951,13567,64240,22425,9652,7425,8117,82576,8394,18833,11139,11973,151926,39792,40799,23547,16542
14,"South Coast",50.851834,-0.983612,"South","United Kingdom","2018-10-31","month",2547883,4143148,1133,3360246,812467,41949,0.133,19,11,30,38,-0.146,0.249,-0.0748,0.348,1.03,60.3,140838,37635,26501,21193,20452,152374,41156,41559,21615,20267,93658,32974,26798,15650,13383,86986,13003,15694,8830,12723,70724,8184,9039,13801,9478,66469,15696,19401,10589,6912,67055,9751,13360,11512,6727,69905,12427,11980,10577,8744
13,"South East",51.134193,0.264491,"South","United Kingdom","2018-10-31","month",3881613,4912361,1213,3418656,990534,33366,0.0798,22,8,29,25,0.116,0.287,-0.17,0.342,4.7,96.6,68423,8373,16089,13524,8122,136196,53835,19985,18621,17430,89652,10458,9775,12255,9695,74087,17058,19117,8840,7689,125670,45496,22119,17283,17885,133670,41188,15306,15261,14884,161875,22133,23190,25728,18408,67645,15958,7700,9133,9966
11,"South Wales",51.652933,-3.021441,"South","United Kingdom","2018-10-31","month",2926249,5915828,1062,3708661,955445,40550,-0.159,20,8,37,36,0.0668,0.379,-0.00737,0.065,0.897,44.9,116787,46000,31600,13773,12285,136691,16497,31274,18000,15304,98163,16647,16682,13787,10312,91614,18701,26904,17840,9838,163640,38307,22465,31209,24217,92492,14099,12459,11231,12765,86367,18003,21075,15990,12264,93631,27748,15156,10101,12967
12,"South West",50.371714,-4.140162,"South","United Kingdom","2018-10-31","month",2897499,5184650,1064,3283561,800165,37251,0.0799,18,10,33,32,-0.182,0.0226,-0.00217,0.271,0.75,63.6,63165,13155,9521,11555,7348,131086,42883,22479,21227,16580,82785,26597,11094,16328,9345,128944,50449,24544,17189,16352,85968,20195,18788,16421,11842,136146,20359,37307,25959,19374,119393,33589,16481,15633,12391,124221,32793,22791,16198,14271
1,"South Yorks",53.550871,-1.478309,"South","United Kingdom","2018-10-31","month",3010469,4671634,1165,3716827,910511,37643,0.012,19,14,44,18,-0.126,0.132,-0.038,-0.0893,1.8,66.6,100515,30292,17002,10173,12645,99444,31191,29200,17133,13200,128458,45814,19340,23746,17363,159368,45420,33016,26802,23038,110259,42830,24139,18877,11954,120671,13633,30277,16768,15105,83324,8557,8695,13678,9031,89278,21895,21321,14037,12849
9,"East Anglia",52.399452,0.264206,"South","United Kingdom","2018-11-30","month",3915819,5517564,1234,3564403,1017744,43118,-0.183,21,9,26,24,-0.158,0.399,0.259,0.286,3.98,60.5,122597,47185,28211,15531,16687,164973,54011,27989,21419,23166,91463,35245,16006,14834,10034,71772,10977,8011,13121,7429,123343,49067,26193,24000,17664,124221,23964,23028,22416,13979,75539,21808,18238,8041,8351,74831,11187,10675,9284,10153
5,"East Midlands",52.522979,-1.467778,"North","United Kingdom","2018-11-30","month",3700103,4876426,1076,3839752,980076,34531,0.0405,22,8,40,20,-0.0434,0.344,-0.189,0.178,1.87,56.3,147372,51783,16851,25649,18099,94154,11981,21953,14187,11934,106445,25854,30410,15868,13191,116532,16238,31618,13990,15696,136134,29397,19313,23458,19707,164848,47215,26848,28869,18881,151136,19943,44971,22128,19242,65601,14717,13931,12410,8071
15,"Essex and Herts",51.963206,1.351792,"South","United Kingdom","2018-11-30","month",3323012,6091594,1052,3834417,942644,35304,0.112,22,9,44,37,-0.195,0.0774,0.216,0.0444,2.93,95.2,85611,17128,24876,8851,12318,161971,54372,22477,28827,22144,71931,24560,18869,12828,7889,147987,45720,22809,19291,16131,164735,49920,26012,26893,23676,86827,25787,16179,10423,11662,145044,44346,42802,27400,16904,136267,39052,39513,24182,20070
18,"Home Counties",51.352162,-1.993762,"South","United Kingdom","2018-11-30","month",3458193,3925501,1058,3220509,911288,41511,-0.156,20,9,32,37,0.172,0.298,0.234,-0.0531,2.72,48.5,149718,51989,39486,18407,20854,84209,13420,25141,13465,10635,150160,33919,28788,19488,22469,105464,40095,12145,12432,11514,151741,33360,44818,28422,15455,70588,15964,8083,11139,9448,121241,36381,16785,15310,17450,88760,17547,19709,16191,11392
4,"Lancs Cumbria Pennines",53.789622,-2.243294,"North","United Kingdom","2018-11-30","month",3267487,4887695,1173,3610567,983634,38751,0.146,21,10,37,27,-0.126,0.354,0.226,0.147,3.74,64.2,161079,24063,42469,28002,16287,157793,28623,44725,16709,19219,128084,22335,33438,15777,15254,73885,11634,10934,8799,9027,154062,28743,42539,25865,19256,70055,10134,16959,8744,10414,132007,27543,29710,19447,16593,154639,27119,43368,30029,22057
6,"London East",51.537937,0.080932,"South","United Kingdom","2018-11-30","month",3239926,3948540,1164,3206580,970267,35444,0.0386,19,10,34,19,-0.154,0.255,-0.138,0.268,1.91,90.5,79293,11078,17018,11794,10115,99005,35286,23021,10843,11053,106378,24547,19008,18532,11001,86807,16537,17469,10872,9943,145662,46324,21776,19843,16310,79964,17120,22658,13921,8492,70883,18361,13205,11553,9293,155255,15640,44509,23793,22141
17,"London North",51.655197,-0.277485,"South","United Kingdom","2018-11-30","month",3474486,4165691,1172,3632240,929350,48961,0.00676,22,11,27,18,-0.13,0.495,-0.171,0.157,0.146,45.9,101077,14073,23842,15233,13797,82172,24390,24214,15218,10105,79909,28590,10675,11340,8947,142743,47489,33304,27015,16385,160346,30051,27651,22485,17789,104838,27694,29047,18364,12413,113317,33964,14470,16532,14875,143811,40636,35572,15014,17250
16,"London South",51.486872,-0.095581,"South","United Kingdom","2018-11-30","month",2752452,4829639,1120,3998460,997659,44321,-0.0889,23,9,32,23,-0.115,0.361,0.228,0.278,4.41,74,145575,30847,30522,15347,21285,160400,62828,44110,28773,17349,137866,49538,24366,21428,19188,145170,36684,22534,15633,14871,140915,38731,21589,27646,20562,129383,32133,22212,15550,14105,143711,26308,20975,20158,16982,165509,45393,30821,19645,22327
19,"London West",51.509384,-0.195825,"South","United Kingdom","2018-11-30","month",3943575,3842132,1107,3730759,916685,36269,-0.047,23,10,26,17,0.127,0.463,-0.101,0.24,4.12,63.8,73128,9988,15428,10279,10686,141981,22578,23826,21648,16621,115627,20016,26949,15704,11659,67895,26635,11490,13459,9294,110412,15235,12283,20634,11057,114074,31366,20998,12248,12616,160902,34244,31494,24266,17158,127900,16223,15592,22923,14950
2,"Manchester",53.386478,-2.351433,"North","United Kingdom","2018-11-30","month",3674328,4562960,1132,3599052,990784,43494,0.0467,23,8,26,32,-0.0368,0.0464,-0.0191,0.0555,4.43,82.7,164015,41704,24343,25108,20780,77894,20180,11533,14440,8505,92952,33037,9815,9465,10573,68670,19101,19506,10712,8784,139471,35795,26195,17608,17198,119035,11960,31165,12819,15887,86071,32150,11037,17182,12032,82601,16398,14752,16121,8836
3,"Midlands",52.435044,-1.892271,"North","United Kingdom","2018-11-30","month",2795527,5502756,1158,3268882,1006023,38382,-0.176,19,9,44,25,-0.0763,0.328,-0.185,-0.0729,3.54,96.4,115049,21588,17698,19585,13513,80700,8461,11620,10008,8696,144545,26440,33385,25127,20857,164179,59091,19749,32230,24532,123632,28126,18357,21188,14102,154250,27796,26718,26625,20911,89109,10713,14338,13670,10046,82252,32445,14772,11212,9111
7,"NI Glasgow",55.860011,-4.253951,"North","United Kingdom","2018-11-30","month",3633787,4251373,1224,3776418,941874,34154,-0.034,22,10,42,24,-0.0508,0.367,-0.0388,0.148,1.73,44,151525,33821,38635,21276,21585,86310,19453,22264,16564,10488,162428,42872,16334,28590,18173,146708,31920,16911,23010,20309,138359,52085,26422,17453,14119,71036,8755,13688,11139,7893,131007,35143,36714,24834,18221,143619,52287,42460,27756,18977
10,"North East",54.683629,-1.21324,"North","United Kingdom","2018-11-30","month",2552825,5041005,1089,3466200,906663,42572,-0.116,19,13,42,27,0.0516,0.175,0.183,0.209,1.32,84.3,97267,22241,19776,18335,13237,95870,34942,15471,11539,13372,157930,50961,32755,17653,23414,108638,29570,23192,14478,11758,134073,13454,28800,26476,16978,79970,29576,17657,12586,10952,81732,26710,11307,9537,8991,69531,7387,10225,7316,9888
0,"North West",53.027538,-2.175821,"North","United Kingdom","2018-11-30","month",3338259,4274514,1091,3401329,921399,49219,0.127,22,13,33,39,-0.105,0.297,-0.136,0.313,4.05,49.3,104804,20942,14710,19576,14566,74273,18080,19865,11451,8946,121696,32285,17600,21840,15499,121953,20235,34940,16067,15919,88879,10282,12711,9301,12827,163220,40562,45315,27582,22152,100591,20277,25178,13318,12935,96379,31872,21505,9942,14344
8,"Scotland North",56.45974,-2.973105,"North","United Kingdom","2018-11-30","month",3807905,5590744,1178,3469180,1033948,38905,0.135,19,9,33,18,-0.181,0.34,-0.0577,0.248,3.28,56.4,116511,16332,13761,15842,13282,80246,11275,10571,14328,11089,108846,24376,10993,17290,16212,81673,23033,11636,10236,9354,103517,24052,20996,18473,12908,127454,30215,31618,22263,16676,99331,19699,21054,10083,11335,135916,50088,32021,22344,17221
14,"South Coast",50.851834,-0.983612,"South","United Kingdom","2018-11-30","month",3150702,4691576,1235,3677850,905329,40084,0.138,20,15,32,32,0.164,0.0529,-0.0558,-0.0226,4.07,97.2,143879,44041,41346,28647,19385,158388,55529,32522,24168,16260,117174,19709,20305,13381,17476,91352,31496,16130,16570,10530,120457,46941,23319,16244,17271,90710,28798,9572,17194,13294,75623,16009,7593,8421,8112,80422,31295,11372,12407,9092
13,"South East",51.134193,0.264491,"South","United Kingdom","2018-11-30","month",3588252,4411539,1088,2638263,818416,40567,-0.0188,20,14,26,21,0.0489,0.369,-0.153,0.0514,3.66,51.3,86891,32466,10804,14713,10677,163852,22224,29017,29851,19021,152930,16665,27883,20925,16864,128763,13399,20274,23246,16725,117698,31923,26980,12574,17277,66778,17534,14173,9349,7720,123869,43785,13519,17937,15970,155812,61493,18029,18356,20760
11,"South Wales",51.652933,-3.021441,"South","United Kingdom","2018-11-30","month",2807981,3810318,1109,2790584,763193,43234,-0.116,19,14,39,29,-0.176,0.161,-0.199,0.122,0.49,65,68719,12258,8750,9308,8635,108432,13266,29334,16703,13008,146216,51822,33313,16345,15451,116548,11792,21256,15472,13444,86875,25207,25200,14694,9272,150386,16810,42482,15917,17338,97678,19885,15506,13118,11069,106898,17239,24431,13256,13016
12,"South West",50.371714,-4.140162,"South","United Kingdom","2018-11-30","month",3849468,4003522,1232,3121084,1025974,39194,-0.153,22,9,39,34,-0.0988,0.268,0.286,0.34,1.62,92.5,97291,27622,14114,14505,10608,123805,20468,12456,23922,15447,125996,29675,25028,16874,15285,161983,55065,27167,25738,19134,123993,39443,33910,22174,14308,70679,9811,14537,9893,7500,107417,35423,23601,19992,13737,106328,14162,30444,19804,14507
1,"South Yorks",53.550871,-1.478309,"South","United Kingdom","2018-11-30","month",2905471,5493244,1243,3780743,1005114,38627,0.15,18,12,30,17,0.166,0.247,0.177,0.054,1.43,46.4,72976,25181,12829,11090,8558,87392,11360,21519,14947,12565,142322,56465,20855,14627,19069,94890,34419,22216,12940,11501,157535,37099,24665,21096,19424,103612,14449,16241,17282,15388,66449,19574,12365,8940,9290,108062,31319,21792,19468,13333
9,"East Anglia",52.399452,0.264206,"South","United Kingdom","2018-12-31","month",3700668,5457215,1125,2891953,762688,48220,0.0445,19,13,41,23,-0.0832,0.184,-0.139,0.226,1.05,48.9,103151,13750,24364,17672,15282,85083,27215,21405,15623,11375,131667,32325,25495,25820,14071,96822,27163,11604,10338,14293,63247,16405,10077,11623,7418,153950,58162,30273,19239,22719,91548,30767,13131,16741,13247,90895,22023,23418,16953,12381
5,"East Midlands",52.522979,-1.467778,"North","United Kingdom","2018-12-31","month",2891463,4322100,1195,3277145,827784,39495,-0.0243,18,8,39,35,-0.157,0.115,-0.182,0.268,3.23,81.4,69187,24273,18561,11080,10013,160001,36842,23685,17800,19888,157497,51832,36173,18527,22712,143789,41947,39954,22176,20731,95691,30779,26797,17713,11094,100186,29965,18555,10437,11251,77452,11906,14831,11471,8294,147686,22413,20282,19620,20221
15,"Essex and Herts",51.963206,1.351792,"South","United Kingdom","2018-12-31","month",2776545,4931851,1213,3462263,842509,37257,-0.0217,21,14,44,18,-0.148,0.0364,0.293,-0.041,2.17,71.4,107841,35646,29501,12657,16170,135191,45623,14132,14347,17656,135281,34380,21689,18561,20036,114181,31122,31620,15841,12375,132130,16272,13281,21603,16967,86268,33433,16856,9618,10388,151018,43645,38473,25828,19659,123349,29984,13604,24415,15048
18,"Home Counties",51.352162,-1.993762,"South","United Kingdom","2018-12-31","month",2658588,3976912,1178,2918921,929856,46443,-0.0528,22,12,43,28,-0.0669,0.11,0.088,0.309,3.81,63.7,86611,28590,15208,17019,10386,100547,15133,26315,14568,14349,161284,20774,32143,21416,18271,164489,64804,32414,16479,24400,80197,29403,8999,8412,8154,84568,17709,16796,13311,12562,137133,24458,27616,13737,16483,82644,20504,19670,15700,10818
4,"Lancs Cumbria Pennines",53.789622,-2.243294,"North","United Kingdom","2018-12-31","month",2879554,6155257,1186,3096513,794284,33535,0.058,22,9,29,35,-0.00408,0.112,-0.0536,0.412,2.02,60.2,138271,30979,21525,26274,19679,98275,13890,18199,14976,13581,105539,40962,28367,14878,11702,150167,40012,34926,28680,17329,100666,11644,17818,16290,14395,121765,47172,33181,12620,14460,65163,16423,14994,11311,6651,82902,17144,21602,16456,8301
6,"London East",51.537937,0.080932,"South","United Kingdom","2018-12-31","month",2889476,4333630,1198,3175368,969085,36106,0.00308,19,12,33,20,0.0846,0.232,0.042,0.418,4.25,40.1,83980,11546,21862,14318,11138,131979,26831,26432,17176,18406,82220,27093,9943,9158,10143,73097,14529,15564,9830,7903,67478,23968,18867,12347,9090,123905,17772,37045,19475,15079,84549,29034,17165,8847,12239,85541,33112,11935,14854,9427
17,"London North",51.655197,-0.277485,"South","United Kingdom","2018-12-31","month",3747370,6161222,1233,2845300,786002,34123,0.105,19,9,38,33,0.0701,0.163,-0.18,-0.0165,4.16,99.8,152699,32799,44548,19921,22660,137023,49761,31621,14474,20167,139356,46665,20528,21674,20527,86118,16663,8931,11040,12288,71163,8650,17401,11087,10194,95340,21325,24405,12849,13649,152966,24412,43336,18682,21742,109576,19592,21862,12970,14707
16,"London South",51.486872,-0.095581,"South","United Kingdom","2018-12-31","month",2698293,3872262,1217,2917510,975047,39573,-0.0867,23,13,35,31,0.0227,0.381,0.142,-0.0388,1.58,81.8,136997,22992,29412,18655,16004,140772,35910,37408,20005,20944,163264,42448,17437,20670,23385,161985,46124,18807,24512,19590,142370,18585,42610,20034,21341,144626,34676,21353,15214,17131,163068,54001,39243,30061,22874,69874,15432,16569,12843,7192
19,"London West",51.509384,-0.195825,"South","United Kingdom","2018-12-31","month",3545223,5289247,1193,3083122,860000,34878,0.16,20,11,33,34,0.159,0.495,0.106,0.372,4.32,46.1,124712,42057,15814,22334,14912,134198,42496,26241,22289,18869,113435,12077,27534,18816,13571,140686,22602,17379,19281,19598,86621,34253,16142,9442,10180,126235,13298,21574,16999,17466,94575,11440,23535,14684,10528,125954,24680,34652,19709,16082
2,"Manchester",53.386478,-2.351433,"North","United Kingdom","2018-12-31","month",3567187,4906766,1083,2945586,850796,43695,-0.191,18,12,37,20,0.162,0.0481,-0.0933,-0.0629,0.148,51.7,128199,36115,25891,12843,19173,82738,27869,14105,15617,8776,156570,46698,25805,23051,23453,119025,38028,31118,20097,12385,124926,24318,16385,17680,17988,116356,45667,33104,18634,14980,140259,17954,15964,16276,15386,83642,29266,14725,13550,11302
3,"Midlands",52.435044,-1.892271,"North","United Kingdom","2018-12-31","month",3732067,5663357,1056,3996897,846752,45544,-0.048,21,10,26,35,-0.158,0.476,0.299,0.394,2.17,91.4,151985,24000,31249,21121,18291,70540,7970,11217,9128,7724,63864,19167,18832,10117,9467,109203,23896,26491,14777,11417,153009,25265,43573,20418,20862,72286,24293,8661,8627,8534,83448,29629,9725,15096,8845,102259,20576,27624,19163,11245
7,"NI Glasgow",55.860011,-4.253951,"North","United Kingdom","2018-12-31","month",2541144,4193857,1249,3007158,758770,47109,-0.111,18,10,36,19,-0.0175,0.405,0.0928,0.338,0.865,64.9,136258,28206,15461,20135,20161,131117,49600,33567,24818,15574,104391,30488,18226,11270,12486,165695,57393,38535,31475,20376,100039,20156,10317,10064,14867,66725,9021,19756,12805,7062,68875,10186,11364,10745,6959,66284,25878,15991,6881,9150
10,"North East",54.683629,-1.21324,"North","United Kingdom","2018-12-31","month",3342429,4243359,1136,3684365,931025,38712,-0.00219,21,13,38,30,0.183,0.361,-0.178,0.339,2.37,85,93437,22349,19681,17862,11334,151316,51019,23498,21811,21554,114009,41703,32950,21613,11677,127163,21375,27060,21039,18667,131484,20029,25127,13818,17080,100268,17286,13369,18216,11581,104279,18863,26433,19682,11530,69458,18481,18253,13393,8544
0,"North West",53.027538,-2.175821,"North","United Kingdom","2018-12-31","month",3782218,4259831,1065,2823735,758953,45960,0.118,22,14,30,35,-0.0111,0.17,0.163,0.0244,1.18,81.6,113578,30806,15050,21944,13968,117841,46296,23181,20925,13451,158495,59844,30913,17807,19635,99775,35905,17726,17615,13975,100876,35937,10111,13567,12419,79890,19425,9382,13876,8050,123408,48188,32395,14886,14534,86870,19363,20487,13705,10278
8,"Scotland North",56.45974,-2.973105,"North","United Kingdom","2018-12-31","month",3959373,3910467,1158,2563812,842025,34892,-0.169,20,10,38,24,0.11,0.174,-0.118,0.309,1.87,90.3,80058,13119,14080,9952,11448,85559,11954,14473,9128,9850,89612,10183,19481,17415,11539,145049,21226,33497,26883,19850,120223,15048,29420,18165,16922,89390,17074,12423,9642,13338,91802,28373,16465,17697,10218,92920,19282,9555,14352,11706
14,"South Coast",50.851834,-0.983612,"South","United Kingdom","2018-12-31","month",3283543,5586445,1149,3143044,914216,36582,-0.0015,22,8,40,20,-0.00468,0.285,0.238,-0.012,2.63,69.1,93806,30769,14953,10518,13392,119594,40858,16760,12168,17360,78696,25592,14414,15336,11751,125464,33289,18405,17194,17280,93483,22843,11454,13802,13271,71302,26574,15481,11314,10475,134451,50020,29622,24697,17318,119863,28334,13717,15043,17292
13,"South East",51.134193,0.264491,"South","United Kingdom","2018-12-31","month",3002778,4397909,1102,3215821,973201,42889,0.0828,22,12,33,22,0.183,0.124,0.164,0.131,1.04,61.1,163133,47976,18398,16323,18039,143747,41959,19182,25564,20321,129490,20992,32445,18343,15650,78623,26047,14527,9400,8634,142450,46383,21720,16175,15167,104347,27484,17259,16056,15453,87484,30758,18914,16478,10726,89223,17782,13918,16915,8951
11,"South Wales",51.652933,-3.021441,"South","United Kingdom","2018-12-31","month",2878572,4847432,1095,3138793,900682,44054,-0.156,20,15,26,24,-0.0901,0.254,0.155,0.444,3.18,71.8,84980,24227,18961,11721,11710,116812,15273,25677,19901,16787,74808,8655,16373,12888,10396,125744,30214,20617,24323,12725,103400,34305,12924,15221,15277,98307,21686,19517,13903,11885,114938,30345,15814,16391,14397,135942,30336,26596,24016,14217
12,"South West",50.371714,-4.140162,"South","United Kingdom","2018-12-31","month",2691522,5825942,1106,3651001,797783,45726,-0.0935,19,14,41,19,0.053,0.489,0.188,0.491,2.75,93.7,84952,14538,14204,15015,10961,79104,29712,19998,8272,10323,121154,18398,14926,12482,14004,155393,61884,24109,17110,18492,126218,24882,17098,23264,13454,73300,18124,14351,9215,8417,119775,27479,30534,17853,16084,72083,8000,19953,12537,7682
1,"South Yorks",53.550871,-1.478309,"South","United Kingdom","2018-12-31","month",3303164,5878167,1210,3549900,838071,41600,-0.0925,19,9,35,21,-0.0898,0.366,-0.0776,0.206,4.09,67.9,67838,24253,9926,7777,8708,143518,15979,32646,18326,20701,78016,27866,10383,10877,11645,101134,39884,18236,19563,12995,86998,24622,11008,17281,10739,89478,20666,22366,12137,10015,125118,35944,24874,19827,16488,74648,8870,22092,11221,8559
9,"East Anglia",52.399452,0.264206,"South","United Kingdom","2019-01-31","month",2648767,3925969,1247,3700392,846030,44162,0.0788,21,13,33,28,-0.014,0.233,-0.0455,0.48,0.771,52.8,154292,18627,39365,23854,20260,93478,24504,26282,16817,11652,106140,23679,30157,19398,11807,86908,30308,10877,9253,12152,72653,25507,7552,9207,9298,96839,33250,17912,13930,13193,122758,34604,33621,14760,14137,156068,47146,29303,20957,18425
5,"East Midlands",52.522979,-1.467778,"North","United Kingdom","2019-01-31","month",3529060,3841196,1240,3355532,969828,41698,-0.0406,20,14,27,16,0.188,0.311,-0.0716,0.29,2.02,84.3,64638,22026,12897,9546,7886,84603,28417,21485,11268,10882,63908,13109,17419,7126,7424,102208,14158,28085,14898,14150,113285,21096,23317,11890,11893,90156,23162,15035,15283,12676,141927,16745,22594,19594,19016,110783,19214,20904,18274,14340
15,"Essex and Herts",51.963206,1.351792,"South","United Kingdom","2019-01-31","month",2598382,3891958,1188,2910657,877876,43904,0.134,23,14,43,19,-0.0188,0.33,-0.0661,0.443,4.41,57,132006,47180,31596,21215,15069,150768,51676,44092,24455,18405,85379,11816,15543,14085,10672,103445,31033,30302,16772,15172,161503,42367,38156,25594,18737,90253,33472,24927,10806,12487,88837,11547,10827,14571,11138,128484,15694,16848,21305,13849
18,"Home Counties",51.352162,-1.993762,"South","United Kingdom","2019-01-31","month",3810471,5360961,1114,3677927,751657,47976,0.0797,18,12,41,39,-0.126,0.15,0.276,0.447,0.228,55.7,82721,17893,21662,12184,10516,77476,17133,22671,15409,10912,82188,17650,19396,12077,11686,116872,44417,21193,20865,15193,160494,42190,21697,23025,19924,116627,38054,12454,17924,16014,91096,23694,9366,10036,12566,117519,13871,28099,12842,14119
4,"Lancs Cumbria Pennines",53.789622,-2.243294,"North","United Kingdom","2019-01-31","month",2826128,5605256,1148,3571940,850631,33583,-0.147,23,10,32,37,0.139,0.177,0.0518,-0.0923,2.7,82.6,117780,24892,33118,12931,11933,121384,42807,36016,23420,17001,152829,30380,43631,28326,19274,81413,31679,22464,12506,10460,158707,17145,16563,22768,17532,113629,13920,14677,13614,16874,93285,17055,10200,15838,9727,92211,16623,22363,16961,13387
6,"London East",51.537937,0.080932,"South","United Kingdom","2019-01-31","month",3774249,4336036,1075,2937844,1034946,44593,0.0167,22,11,28,39,0.0961,0.182,0.111,0.0829,2.43,62.3,132200,43075,20541,19666,13573,112199,36594,31762,20455,16498,159599,54574,30188,29453,19534,123573,43533,29522,15982,16884,157946,23334,34437,25772,21542,97228,31394,20269,18888,10621,64377,9750,14002,6529,7202,101365,11950,26823,14117,11165
17,"London North",51.655197,-0.277485,"South","United Kingdom","2019-01-31","month",3502331,6017344,1221,3109458,1008791,37597,-0.0973,22,10,44,27,0.104,0.407,0.0889,0.0726,3.14,75.7,92862,13457,10121,14467,13188,82037,26675,13604,8221,9052,143795,23209,16628,20838,16323,66248,25172,9639,13138,8726,114875,29989,11926,17498,13040,133898,34028,17018,22124,14870,97330,14107,11655,18584,11478,62996,10953,14319,9952,6581
16,"London South",51.486872,-0.095581,"South","United Kingdom","2019-01-31","month",2918293,4244953,1055,3449061,1005787,33730,-0.172,22,14,27,35,0.19,0.0411,0.263,0.386,1.96,96.7,131097,26587,35419,22631,14291,164514,41396,39008,24262,19985,154633,43525,32397,24057,19923,105988,30811,20934,13280,12293,111362,22753,18080,18561,16238,99173,19468,12553,15145,14757,84582,24280,17048,12722,12338,104202,12469,21860,18315,14023
19,"London West",51.509384,-0.195825,"South","United Kingdom","2019-01-31","month",2749036,4942039,1245,2919563,1041022,39419,-0.178,21,10,28,36,-0.0355,0.348,-0.17,0.264,0.612,88.5,144314,44303,34131,19278,16768,85614,27754,17895,12696,11060,127984,15652,27479,14579,12803,87124,20708,14225,13335,10295,100992,18015,11874,12321,11592,121608,12988,12995,18287,17906,139195,40337,36547,24987,14130,108845,35472,29622,15267,14443
2,"Manchester",53.386478,-2.351433,"North","United Kingdom","2019-01-31","month",2552059,4550319,1172,3471682,948078,49848,0.12,21,9,41,33,-0.0949,0.031,0.119,0.315,1.64,74.3,79954,26344,15016,10047,11398,70774,13051,9481,10629,10250,157037,27306,18210,23330,22366,113725,19612,11757,12482,13324,143844,39360,27016,19458,15329,78400,19484,18104,10276,8167,159325,38181,20023,20537,21667,131774,35804,25875,20815,15303
3,"Midlands",52.435044,-1.892271,"North","United Kingdom","2019-01-31","month",3713923,3894579,1054,3921414,912749,34190,-0.14,20,11,30,27,0.191,0.0584,-0.165,0.486,1.96,84.6,165251,35010,17794,28543,22546,163111,18862,24115,16516,18039,86595,29135,19699,10594,11244,100697,10281,13597,16503,10537,128967,35132,27834,22982,18888,117884,26076,31946,22233,12465,128922,46431,20688,13002,17859,119610,31588,16163,17357,13822
7,"NI Glasgow",55.860011,-4.253951,"North","United Kingdom","2019-01-31","month",3542878,5947453,1185,3136118,877553,35520,0.013,22,10,26,29,0.0821,0.0754,0.175,0.384,2.46,54,83635,31658,18371,11514,11845,107742,15747,29042,17626,14981,120017,32837,14411,23097,16080,123598,16999,22202,15135,15489,116043,23814,29939,17979,12336,99287,35078,14512,14022,14608,139187,51329,23670,14718,20690,69378,27698,20341,11217,8712
10,"North East",54.683629,-1.21324,"North","United Kingdom","2019-01-31","month",3859724,5036944,1127,2549061,829403,45443,0.169,18,14,34,35,0.151,0.244,-0.0451,0.375,0.646,53,129152,14382,32758,15685,14938,65234,24624,8598,12727,8300,110524,31239,29083,19661,11224,71026,25287,16058,7511,7752,109135,23708,16470,21465,12116,115089,15472,13390,17250,13854,115822,37071,22416,19122,13714,106808,10925,17658,17884,12576
0,"North West",53.027538,-2.175821,"North","United Kingdom","2019-01-31","month",3290619,4000311,1136,2545985,818312,47932,-0.0357,23,13,40,22,0.14,0.0677,-0.118,0.408,2.21,95.8,161797,59104,28434,29569,17870,147247,17213,42872,14834,20288,131138,26767,20996,21614,18139,164054,29645,22881,29253,19095,91953,14526,14469,9498,10524,124612,49387,32201,20044,17922,76986,21114,8382,12751,8156,69798,24932,11126,13180,7210
8,"Scotland North",56.45974,-2.973105,"North","United Kingdom","2019-01-31","month",3413820,4009801,1100,2630257,883455,47431,-0.118,22,14,36,19,0.111,0.206,-0.136,0.0876,4.71,53.9,150798,59998,36878,23903,18142,155166,23156,40007,26519,17093,152887,24298,32112,22588,20645,89513,32714,11094,13256,10203,62917,21878,16510,9750,8655,123063,48226,24398,23673,17324,65297,17516,16393,11785,9320,127122,29912,14400,24973,18519
14,"South Coast",50.851834,-0.983612,"South","United Kingdom","2019-01-31","month",3206872,4226079,1229,2713257,977816,45777,0.175,20,11,38,22,0.0831,0.435,0.141,0.291,1.07,90.8,65128,21475,19466,8744,7555,79356,13038,19409,14788,8889,123529,18948,25415,21256,15450,112022,33609,18735,16590,11487,152330,53811,36823,21659,15462,67305,24706,7226,7614,6945,76282,22428,21060,12795,10195,123478,24311,26945,12432,15378
13,"South East",51.134193,0.264491,"South","United Kingdom","2019-01-31","month",2989025,4492073,1076,3194461,888677,48095,0.00582,18,8,30,34,-0.0774,0.385,-0.119,-0.0137,1.35,90.5,96711,33522,10191,18075,14430,108459,28429,20644,21482,11700,102234,38704,17226,18347,10313,163783,29619,28942,22377,24212,162272,60819,47820,32067,17158,114499,17098,22481,21504,13998,148423,33227,23761,22111,16912,77081,20431,19608,10931,9557
11,"South Wales",51.652933,-3.021441,"South","United Kingdom","2019-01-31","month",2704919,3958985,1084,3937278,892481,38001,-0.0463,19,12,42,30,0.0871,0.337,0.15,0.163,4.21,79.8,112687,15048,15494,11474,14525,119996,17700,33694,12627,14238,70212,26775,15821,9893,10215,118472,20797,30238,22608,16954,146493,58023,15216,27654,21691,114063,38144,21177,15429,14715,88551,15236,25739,10733,9959,131891,33869,20557,20827,13355
12,"South West",50.371714,-4.140162,"South","United Kingdom","2019-01-31","month",2767589,3845898,1042,2524717,931796,34824,-0.193,20,8,40,27,-0.041,0.268,-0.142,0.282,4.06,62.1,81259,21924,17110,13682,11374,101330,38394,14045,16363,15192,166585,19320,46886,28025,21023,128391,43613,32753,12959,15196,107523,30424,13526,21146,14956,67285,25583,18043,12066,8849,114237,24218,30415,17122,17005,72021,27288,12974,13131,8003
1,"South Yorks",53.550871,-1.478309,"South","United Kingdom","2019-01-31","month",3771828,5351896,1247,3529733,1031977,33572,0.00453,21,15,43,36,0.0793,0.372,0.00438,0.468,0.753,72.6,95648,33879,16083,16943,11238,104802,15253,13358,20365,12550,128677,50862,13489,12902,16318,135257,30507,13797,25244,17174,73335,17648,11382,9271,9642,129520,19075,27333,14560,19290,133544,30564,29201,25924,19335,67187,15234,9128,12798,8870
9,"East Anglia",52.399452,0.264206,"South","United Kingdom","2019-02-28","month",3702306,4577291,1161,2792006,930902,47659,0.0135,22,10,28,40,0.108,0.457,0.0342,0.5,2.89,49.6,155552,22884,36217,16201,21237,151189,16438,20285,22500,17921,151379,15795,41098,28935,19483,73697,16161,14880,13517,8170,128793,35231,32388,17853,15560,115153,27335,18348,13966,14711,146589,46411,42237,26315,20828,69818,12198,8783,10443,8142
5,"East Midlands",52.522979,-1.467778,"North","United Kingdom","2019-02-28","month",3061612,4505828,1079,3435200,784285,46984,-0.176,20,14,35,37,0.181,0.335,0.248,0.424,3.87,99.7,112650,12379,11868,12699,12204,75936,30123,12224,8724,8232,144158,19164,33222,23611,16566,77666,21192,12571,10591,7864,118401,19825,14280,19602,13600,146026,39148,23124,26296,15512,159577,23156,37079,28437,22122,149937,58958,41132,17432,15573
15,"Essex and Herts",51.963206,1.351792,"South","United Kingdom","2019-02-28","month",3330181,5529095,1157,2644589,1014960,34792,0.0895,22,10,26,18,-0.0717,0.399,0.102,0.424,0.652,63.3,99956,29023,25001,12241,10623,166088,26078,26135,23130,22553,99020,18907,16687,13954,10789,131322,28855,18143,25919,14682,113898,37073,20362,20218,12999,69043,25334,9572,12899,9638,76175,27018,22802,13396,8152,73872,18427,15990,10342,10888
18,"Home Counties",51.352162,-1.993762,"South","United Kingdom","2019-02-28","month",3155993,4913337,1099,3106550,975297,35293,0.0158,20,11,37,33,0.196,0.0825,-0.181,0.0921,2.26,80.8,158165,39948,33098,16454,17994,91878,22738,14212,12234,11656,87763,16473,20801,11541,12169,119034,40413,26410,15672,17735,83740,27525,13319,13040,9006,123459,16173,33427,13306,18153,147432,22383,16953,16058,21938,64257,16449,7229,11527,8004
4,"Lancs Cumbria Pennines",53.789622,-2.243294,"North","United Kingdom","2019-02-28","month",2824417,5063275,1157,2948731,988125,38207,-0.156,19,15,27,27,-0.0368,0.106,0.0801,0.338,2.04,99.1,74625,25283,18144,12800,7663,117680,45375,13415,21450,13474,116829,39752,28158,21166,14427,120820,14581,22935,22641,13425,137705,19815,20439,21260,14801,136090,53441,21701,23177,14864,107868,38838,15623,15658,15369,84965,25496,11690,16364,11635
6,"London East",51.537937,0.080932,"South","United Kingdom","2019-02-28","month",3044853,5159394,1214,2561357,1012781,40767,-0.0877,20,14,35,30,-0.0681,0.296,-0.135,0.232,4.74,77.8,86749,15641,15443,10645,11678,161825,25970,38432,21614,19717,150239,19614,18611,21186,16115,101156,24802,29000,11440,12422,88103,26622,25805,11715,12150,75848,27892,8011,11474,9873,138935,27607,23865,23351,17994,70256,25308,11367,10041,9217
17,"London North",51.655197,-0.277485,"South","United Kingdom","2019-02-28","month",2878005,5324356,1063,3588509,960301,44163,-0.18,23,8,41,28,0.0241,0.296,0.0614,-0.00273,3.59,60.3,133097,23699,19941,23629,14899,89384,24938,9974,10702,11835,68372,9158,10730,11449,7899,72985,25972,9834,12960,8819,115683,38680,25695,16750,15137,125144,46491,37400,15598,16517,118147,35915,32885,12006,13230,100674,28554,12234,12307,14951
16,"London South",51.486872,-0.095581,"South","United Kingdom","2019-02-28","month",2574676,3804872,1223,3670966,846395,37089,-0.00802,22,11,28,27,-0.00459,0.134,0.225,0.00336,0.588,68.6,161524,51098,41797,28238,18073,152815,40955,43325,28173,18807,120544,41388,25837,23229,15565,151720,30510,22359,26578,22685,129198,35366,26877,16559,14580,144916,30396,35544,28577,15644,84582,28516,18285,16419,9667,111222,23075,23415,19071,13870
19,"London West",51.509384,-0.195825,"South","United Kingdom","2019-02-28","month",2580429,3856041,1052,2576752,854446,37567,0.0729,23,12,27,26,0.0701,0.389,0.178,0.216,3.45,55.5,102940,38799,22156,10457,13529,145611,42205,29274,23667,14899,149509,19867,26348,15196,19187,96282,19563,25186,17887,13321,87315,24367,14880,11908,12921,126330,25192,24189,14224,14392,156850,54714,44151,29411,21304,161444,61338,25067,17279,22345
2,"Manchester",53.386478,-2.351433,"North","United Kingdom","2019-02-28","month",3446826,5835807,1180,3630855,990081,41505,-0.193,22,14,44,32,0.0847,0.161,0.0413,0.438,1.52,57,152585,40551,42472,19589,17694,150950,17772,17706,26540,15099,68534,16992,16810,9296,7352,147858,46698,41537,16589,18831,79595,12534,10769,11953,8470,73672,20214,8724,7897,9201,83089,11868,8364,12563,9243,138009,32806,39108,15217,18698
3,"Midlands",52.435044,-1.892271,"North","United Kingdom","2019-02-28","month",3307682,5482215,1042,3140842,925620,48818,0.0267,21,10,41,33,0.0161,0.203,-0.0742,0.0424,1.86,97.1,117341,25255,14613,22991,16027,73849,11726,19017,14261,10194,145559,44058,42913,22922,20282,114272,16285,20818,15781,14343,131092,19573,17201,16390,15179,92717,26438,20272,12929,12724,166590,26908,25515,26672,21380,72492,21371,8273,11193,9157
7,"NI Glasgow",55.860011,-4.253951,"North","United Kingdom","2019-02-28","month",2974602,3864640,1142,2633024,895056,49227,-0.181,18,11,30,36,-0.13,0.0795,-0.0895,0.374,3.7,55.9,119701,15538,16034,13414,17063,121984,38847,14274,21900,14908,157412,16274,40013,26443,17832,100452,21829,21800,18669,14100,137010,49883,26230,21744,15034,64238,21561,8155,7591,8682,135436,21183,38089,19360,17949,154605,35575,25478,16665,18406
10,"North East",54.683629,-1.21324,"North","United Kingdom","2019-02-28","month",2713764,4925708,1140,2916365,788614,33368,0.191,20,14,37,25,0.0798,0.385,-0.126,0.42,0.436,68.4,149991,47318,24674,25311,20947,154189,23391,34366,21243,16531,94001,33164,18416,16411,13982,63478,18581,18097,7946,8207,73950,14089,20094,14210,10322,94870,30919,16891,12173,13876,130702,24642,16136,24754,18745,66422,12712,9982,6748,9525
0,"North West",53.027538,-2.175821,"North","United Kingdom","2019-02-28","month",3638582,6104548,1144,2573307,852704,38690,0.0327,22,9,43,31,0.0304,0.369,-0.106,0.0643,2.82,66.1,67538,14772,11017,12827,7387,116945,38129,23358,12902,13997,130102,16321,28629,22268,13802,83626,11563,17084,10130,10355,161072,60794,47108,23960,21202,129498,14139,29108,19537,14694,98014,16026,10392,16263,10624,126570,31172,17492,22857,15475
8,"Scotland North",56.45974,-2.973105,"North","United Kingdom","2019-02-28","month",3367098,4319069,1154,3491527,771828,43176,-0.127,21,9,42,39,0.174,0.387,0.176,0.168,2.89,81.3,104254,38207,25002,16876,12550,86683,18979,10357,12503,10124,103550,31561,29463,13517,10888,63534,17105,13771,6520,8571,111417,17670,28260,18657,14949,132519,30871,13490,18749,17672,159392,17788,45144,29510,19041,125335,42348,16962,20557,14445
14,"South Coast",50.851834,-0.983612,"South","United Kingdom","2019-02-28","month",3916006,5427690,1049,2503390,1020624,44849,0.0504,22,10,45,30,-0.191,0.26,-0.129,0.0905,1.89,49,161844,48864,33472,24169,18238,136104,17679,35898,25479,18353,90609,32554,10937,9399,12628,68944,18229,17589,7788,6946,157049,59637,30824,29004,17458,85372,17052,18913,10564,11468,93770,30230,26731,13361,10392,161033,30339,32874,17481,21016
13,"South East",51.134193,0.264491,"South","United Kingdom","2019-02-28","month",3304670,4705475,1095,2613260,818229,44067,-0.167,20,9,39,16,-0.141,0.46,0.196,0.00246,2.34,79.3,136403,23628,27056,19369,13710,113310,39930,17014,16555,15348,156032,48369,24906,26822,21404,87695,11475,18386,10693,13007,109330,30892,12194,12046,12889,80945,29733,11187,8774,10739,154034,30732,39540,27870,16942,157756,38685,26157,25938,21190
11,"South Wales",51.652933,-3.021441,"South","United Kingdom","2019-02-28","month",3719009,4338451,1111,3192816,834832,40647,0.186,22,12,40,15,0.136,0.484,0.193,-0.054,3.58,80.4,87767,10826,26104,12515,12210,135716,15571,36525,22375,15890,125507,49331,15822,22561,13512,138159,49905,23417,26073,18079,121603,34169,28848,16164,13249,143783,18578,33392,16709,16009,70548,17208,11955,13189,7860,84661,22171,12324,8608,10870
12,"South West",50.371714,-4.140162,"South","United Kingdom","2019-02-28","month",2801270,4517524,1126,3975734,891634,34918,0.0713,23,9,27,32,-0.18,0.0126,-0.0393,0.296,1.78,42.3,82977,15368,13787,11313,11571,92155,18368,13778,17252,12597,155220,58475,16781,29218,23235,68993,26929,9537,6990,9178,80718,16033,22304,10362,9750,149320,16304,32224,26581,15383,153672,22060,43303,24139,21197,130904,47368,30371,25158,16367
1,"South Yorks",53.550871,-1.478309,"South","United Kingdom","2019-02-28","month",3569886,6078974,1177,3839899,805619,34216,-0.0808,19,10,43,29,0.194,0.0774,0.0248,0.39,1.82,44.5,120344,41274,20566,14365,15680,110955,43490,24324,21263,13056,86036,21085,9100,16917,8774,120004,32004,22248,12661,17927,80307,17646,9620,15455,11162,98006,13779,16740,15603,11581,161741,24957,41480,16401,20533,108313,13850,14276,16427,14442
9,"East Anglia",52.399452,0.264206,"South","United Kingdom","2019-03-31","month",2947422,4754755,1187,3520887,1005181,45982,0.176,20,12,32,23,-0.106,0.49,0.256,-0.0415,1.84,89.8,118685,40544,16799,18480,14339,101077,28983,21657,19950,12220,134769,27070,14789,16082,18835,115006,11682,25912,12781,17018,111088,22687,14592,13159,12541,88901,16696,21422,17000,10661,161315,47128,39327,29129,19622,136996,51031,40952,14028,19482
5,"East Midlands",52.522979,-1.467778,"North","United Kingdom","2019-03-31","month",3374679,6117326,1239,3765825,756926,36328,-0.19,20,13,42,26,0.103,0.284,-0.183,0.305,0.137,52.9,104079,29856,11848,15133,13835,89331,16629,18337,9699,11268,67040,17319,7215,8148,9159,123077,42578,36158,13808,17420,89687,34460,12450,9560,12662,122314,20041,35467,14843,16007,158641,54936,41724,28951,23483,77632,24691,18986,12278,8464
15,"Essex and Herts",51.963206,1.351792,"South","United Kingdom","2019-03-31","month",3202147,6136088,1049,3494860,773239,38521,-0.186,21,11,37,18,-0.168,0.392,0.208,0.194,2.55,81.5,79349,28714,10660,15517,9590,103637,17885,10839,17876,15050,109012,33146,23860,12673,16282,62805,9150,13526,10944,7381,166586,52408,22087,20749,19068,67534,8837,8450,8632,7084,63695,10135,13603,9847,6832,137825,18831,15884,20014,17175
18,"Home Counties",51.352162,-1.993762,"South","United Kingdom","2019-03-31","month",3582614,3841148,1133,3324902,990276,46151,0.19,23,12,30,35,0.167,0.446,0.126,0.434,1.24,59.8,130963,19083,32076,15803,16141,85014,33383,18786,10731,11082,164961,54473,32359,19790,21228,110716,12460,17085,15919,15670,117069,21008,12323,15160,15579,73513,7868,12370,11919,8465,143899,45290,28992,20109,19942,122566,26730,16606,20386,15937
4,"Lancs Cumbria Pennines",53.789622,-2.243294,"North","United Kingdom","2019-03-31","month",3295285,4618288,1090,3742154,972013,33763,0.182,19,11,33,23,-0.189,0.393,-0.0514,0.124,0.203,56.2,85473,17070,20155,16460,11331,113219,41490,19113,19415,15926,78994,21553,15816,11915,8641,83187,31261,13241,11695,11151,69924,14108,20644,13943,8284,114161,22013,19268,14519,16404,129219,47662,35600,24716,13682,145708,16816,28283,25560,16545
6,"London East",51.537937,0.080932,"South","United Kingdom","2019-03-31","month",2639758,4365099,1218,2644559,1031722,33953,0.181,22,10,26,21,-0.196,0.0483,-0.145,0.38,4.35,88.9,133106,31118,24563,21803,13516,131674,43332,19313,24149,17831,120973,45541,13489,12803,14070,164972,55240,31011,28258,20957,143895,47719,26848,14897,17028,122869,40918,25265,20432,13159,83977,31271,21030,12469,12532,133448,17679,18572,20970,15577
17,"London North",51.655197,-0.277485,"South","United Kingdom","2019-03-31","month",2774547,5781006,1214,3631263,797611,33677,0.176,21,10,38,23,0.087,0.376,0.0587,0.348,3.61,51,106973,39017,14018,13856,11975,107008,24072,24600,10937,12398,89204,22794,23004,16310,10554,68451,11341,11229,12213,9626,159844,37544,17312,21567,17673,101067,28231,17056,12639,13723,128840,46982,20080,13387,18955,136176,20081,40024,18967,14888
16,"London South",51.486872,-0.095581,"South","United Kingdom","2019-03-31","month",3142626,4641094,1174,3258856,873435,40993,0.161,20,10,32,33,-0.0356,0.17,-0.112,0.389,4.52,46.1,125981,28887,21144,18738,17162,102879,40595,25202,17336,10676,92044,21914,22713,12478,10002,136558,45910,31840,23622,16572,126053,31611,29977,18301,13253,131396,45279,34268,19484,17596,141177,30880,33311,22828,20172,79614,21946,21245,13530,11784
19,"London West",51.509384,-0.195825,"South","United Kingdom","2019-03-31","month",3682225,6238603,1119,3842007,820424,36777,0.17,20,9,35,21,-0.0591,0.311,0.164,0.354,1.1,64.4,73852,27170,9900,9487,7968,106125,35949,17786,15572,10706,115945,25556,12923,11907,15967,71490,26514,7705,10658,9291,118420,19041,26504,21266,14437,107644,12397,12436,21018,11296,114520,44277,33715,21330,16209,129208,49598,27164,22296,19213
2,"Manchester",53.386478,-2.351433,"North","United Kingdom","2019-03-31","month",3930075,5237353,1176,2576414,862126,41762,-0.136,22,10,35,35,0.108,0.174,0.22,0.334,4.01,88.6,147584,57376,16913,27225,17266,67504,20297,16670,9543,9036,124874,19041,23704,13872,18141,119903,28090,21516,18861,16335,165233,56747,34403,27939,21863,147296,38368,28379,15498,20786,111518,22670,23442,12988,14737,159034,20814,32596,21589,16704
3,"Midlands",52.435044,-1.892271,"North","United Kingdom","2019-03-31","month",3092859,4077007,1129,3578056,845876,42727,-0.00803,22,12,30,26,-0.0128,0.0958,0.231,0.313,1.29,68.8,68624,10750,11471,8873,10276,98186,37415,10344,16627,11955,153508,57969,29795,15627,18655,115573,18618,20279,14072,16229,67209,16056,12669,9048,9285,96356,31326,18257,15847,12632,157919,45519,36509,24347,22269,157951,17685,27783,21946,17369
7,"NI Glasgow",55.860011,-4.253951,"North","United Kingdom","2019-03-31","month",2916697,4000796,1116,3771925,839905,45722,0.086,23,13,31,17,-0.0508,0.16,0.16,-0.0368,3.59,78.1,127729,12871,26010,23838,16169,129267,20129,36382,21976,14352,79920,24847,9065,10444,8752,136092,52039,14764,16401,18487,105875,31372,19641,15880,12165,147102,32962,22492,27665,14923,101687,22125,15084,11407,12131,76241,26280,17344,14974,9919
10,"North East",54.683629,-1.21324,"North","United Kingdom","2019-03-31","month",3465775,3757639,1111,2717695,891144,35919,0.122,21,11,26,25,-0.115,0.254,0.00783,0.408,1.88,43,100576,12712,10780,13093,11141,88500,20557,16157,9704,9368,64120,24204,8041,10660,8173,106233,35933,11913,18374,14740,64704,7600,12899,12224,6747,135634,46790,22562,24568,19216,113036,32331,23066,11346,16199,111817,28622,25284,11685,12299
0,"North West",53.027538,-2.175821,"North","United Kingdom","2019-03-31","month",3879704,5918736,1161,3775984,829233,33485,-0.125,21,12,32,40,0.169,0.299,-0.0728,-0.0773,4.24,83.1,87131,32074,25085,11490,9828,102665,31520,25638,13405,11397,108328,17531,16920,21303,10950,79219,31002,21083,15407,8192,94260,30907,21859,10724,9599,68725,13864,10508,10506,9051,125224,23898,31141,15064,13696,152507,15512,20556,28413,16042
8,"Scotland North",56.45974,-2.973105,"North","United Kingdom","2019-03-31","month",3992918,4613676,1070,3743180,996827,48912,-0.0731,21,15,42,15,0.153,0.125,0.186,0.201,4.37,99.1,157022,35474,38746,25171,21123,143591,40520,31550,16402,20435,108810,39625,16715,14684,14585,97062,36255,15968,17687,12978,80613,28383,23779,11289,11287,117628,43228,33469,21207,16960,108343,10898,23530,19224,14312,99408,39337,26630,12832,10715
14,"South Coast",50.851834,-0.983612,"South","United Kingdom","2019-03-31","month",3752243,4398202,1063,3827345,855784,36740,-0.136,22,13,39,35,-0.153,0.0732,-0.0403,0.285,0.175,75,99578,16614,22180,10834,11803,149719,30211,16056,26156,16347,99363,21351,22786,15190,12547,123169,17625,12500,21293,14810,148259,51911,20351,24519,19051,102040,31721,19301,15928,13719,72248,27382,8113,13435,8947,106686,22886,23331,20618,11281
13,"South East",51.134193,0.264491,"South","United Kingdom","2019-03-31","month",3119669,4878251,1241,2563058,1031895,49355,0.0808,19,15,33,18,0.11,0.165,-0.167,-0.097,3.96,92.1,150315,33161,15343,26041,18009,133243,34713,36149,17111,13347,94807,9780,27325,12854,11531,154937,16238,28175,26195,22600,154035,55633,32227,21146,15590,120173,38412,20561,18869,13732,151395,59473,26832,18617,21080,83031,17002,15476,13734,9088
11,"South Wales",51.652933,-3.021441,"South","United Kingdom","2019-03-31","month",3788377,5544968,1220,3709024,911684,41592,-0.19,22,13,37,39,0.00148,0.185,0.125,-0.0686,3.92,59.9,133693,45093,38913,14134,18293,157696,29537,28230,29107,21175,95562,35985,19708,11566,12546,81325,23256,11122,8802,8615,104230,40645,26076,11112,12262,117344,15285,25902,18079,15367,66528,7269,13495,11570,8922,84035,17406,13735,14896,9792
12,"South West",50.371714,-4.140162,"South","United Kingdom","2019-03-31","month",3481741,5282157,1122,3473050,781365,41379,0.0388,23,11,33,32,-0.0825,0.492,-0.18,0.26,3.86,71.6,163239,55162,37872,23357,19353,119661,33536,24647,18686,12483,109595,31448,22856,14677,13156,113915,28754,19156,18116,13290,106490,18294,19253,12705,13546,89277,35698,24191,12953,11084,110754,20983,16938,12259,12461,90298,22591,23680,16106,12893
1,"South Yorks",53.550871,-1.478309,"South","United Kingdom","2019-03-31","month",3570685,4607640,1118,3092206,992869,39423,0.173,18,11,26,36,-0.151,0.0624,0.0699,0.209,4.16,85.5,123067,15811,20211,19997,15627,122926,40306,23324,12754,15551,63176,9105,17895,7458,6679,83992,9588,21403,9402,10935,89918,22414,25299,16478,13329,65564,9366,7186,11034,8986,70580,13574,13779,11319,7821,154198,24325,24895,18097,20530
9,"East Anglia",52.399452,0.264206,"South","United Kingdom","2019-04-30","month",3903671,5071291,1209,3482782,851341,46901,-0.0579,22,9,42,39,-0.0227,0.103,0.247,-0.00347,2.49,45.1,145408,50877,33994,17320,17384,74491,7878,18511,14703,11173,157172,50758,40638,28473,16187,134198,18728,28789,21487,18032,122876,35234,23694,17447,13460,99590,25026,18501,14923,14343,137263,36500,14965,23998,16351,79737,13051,15195,9488,8036
5,"East Midlands",52.522979,-1.467778,"North","United Kingdom","2019-04-30","month",3546138,3947216,1047,2709848,988053,48760,-0.00796,21,13,35,21,-0.181,0.331,0.147,0.385,0.803,48.6,135946,45126,14799,18176,17196,106080,30771,12953,16288,11811,149246,16010,33663,23066,16088,151628,58509,27779,26798,19195,97731,37055,15521,18870,12121,147802,37234,22009,17575,16309,138493,49888,22826,23933,17796,86126,27725,10298,15628,11821
15,"Essex and Herts",51.963206,1.351792,"South","United Kingdom","2019-04-30","month",3867132,4792227,1064,2554524,812265,35279,0.0491,19,11,39,34,0.119,0.481,0.139,0.141,2.25,46.3,76175,15931,10721,8370,10984,153867,54178,27960,21697,17533,105259,32796,28329,16857,12598,126850,34356,16534,12865,13902,165261,55201,40293,27051,23034,72350,24717,10899,12704,9418,120155,47675,14805,12316,17770,75882,13634,10984,12888,9111
18,"Home Counties",51.352162,-1.993762,"South","United Kingdom","2019-04-30","month",3373403,3847526,1226,2902796,967019,46862,-0.145,19,14,32,25,0.0542,0.223,0.196,0.359,4.94,43.1,121225,44215,35090,21295,14414,137210,37969,17020,19335,15866,121992,20350,16554,15938,12842,90954,17969,20740,10814,13347,165071,41943,49393,28859,17413,144963,51564,20364,26162,16281,109546,39140,14543,16770,16038,142378,45516,21612,19728,16511
4,"Lancs Cumbria Pennines",53.789622,-2.243294,"North","United Kingdom","2019-04-30","month",3430860,5962348,1166,3091952,850197,42867,-0.138,18,12,44,27,-0.0223,0.25,-0.163,0.478,4.74,75.6,137738,23477,22931,15784,19794,159928,50902,27813,21933,16892,131195,35837,36302,25049,14379,129342,50512,32566,23783,18915,164967,41214,42414,19809,23809,125733,35494,20956,13766,15692,160599,51800,28284,30676,17288,134042,24794,36553,23398,15959
6,"London East",51.537937,0.080932,"South","United Kingdom","2019-04-30","month",3617463,6246777,1107,2562945,853072,36541,-0.104,23,15,39,28,-0.0888,0.0882,0.0533,0.373,4.96,93.7,69779,16885,17698,7279,9302,121913,21374,30087,19744,16426,164845,27065,26251,32897,17826,113814,39222,32598,21129,16551,137213,51746,30532,19048,15424,85947,25504,8800,11386,10561,119551,12989,26902,12259,17662,62976,14887,13082,12595,6469
17,"London North",51.655197,-0.277485,"South","United Kingdom","2019-04-30","month",2785711,3944234,1242,3339401,802381,35630,-0.111,21,8,39,24,-0.145,0.311,0.218,0.499,3.24,92.3,130532,31883,18597,19835,19438,124260,30004,31862,13603,13020,117978,28734,27232,14043,16944,162982,58386,46809,31956,24013,134127,39888,31310,22446,13593,158554,39673,16956,21161,20014,144059,20310,18464,16942,18801,104139,13045,18950,13044,14119
16,"London South",51.486872,-0.095581,"South","United Kingdom","2019-04-30","month",3420902,4906455,1176,3844722,901081,42271,-0.191,18,13,29,39,0.12,0.356,-0.0816,0.285,1.49,61.3,94510,29689,16239,15414,13314,158058,63178,15902,19896,20107,160868,32064,39940,21007,23137,87542,21092,12010,16626,10173,163569,40919,26149,22700,17615,165184,32816,24096,18263,23873,147921,26486,24756,14849,19176,119595,37428,15915,13307,17132
19,"London West",51.509384,-0.195825,"South","United Kingdom","2019-04-30","month",3702889,5976857,1130,2523951,977627,44521,0.184,22,14,27,24,0.105,0.0146,0.195,0.18,0.579,88.9,123341,26374,15075,14341,13194,148321,43323,31769,23683,18341,108004,25020,16096,15176,12666,119424,15467,15845,16686,14207,118109,25173,22821,22890,15229,137604,47959,34875,13924,14297,84880,23428,19075,11114,9577,141139,27720,25730,25593,15523
2,"Manchester",53.386478,-2.351433,"North","United Kingdom","2019-04-30","month",3953072,4358233,1194,3141206,837147,36391,-0.178,22,15,35,29,0.11,0.0149,0.237,0.0217,2.74,61.5,157690,56245,17061,28846,16122,89653,24655,17654,11280,10947,90513,23310,21895,17902,9688,99991,12745,20649,17186,13103,143445,41778,32067,26061,14969,66770,26079,11633,12053,9941,135357,27226,31799,18510,15649,130076,17566,31546,24003,18595
3,"Midlands",52.435044,-1.892271,"North","United Kingdom","2019-04-30","month",3894277,5909381,1070,3669788,856848,48730,0.19,22,14,41,23,-0.107,0.344,0.264,-0.0172,1.65,43.4,92593,15007,27734,11983,13395,116991,22437,17591,12866,15465,136332,25842,21726,15674,16890,66489,19296,17433,8983,6856,67980,18270,19132,10338,9808,123098,16312,34944,16998,13794,154519,59479,39578,29112,17324,96745,35830,14408,16421,13875
7,"NI Glasgow",55.860011,-4.253951,"North","United Kingdom","2019-04-30","month",3260388,4040772,1130,2993895,850000,34658,0.165,19,13,30,25,0.0666,0.245,-0.144,0.482,2.1,54.7,134536,26333,37961,15136,14039,149980,40013,21903,29324,19243,158107,59214,23327,16779,19762,66563,11911,15815,11079,6716,122036,21206,33924,16180,16749,159745,19618,41278,25583,16668,132950,15814,23403,23477,17721,120153,47666,22906,14298,15291
10,"North East",54.683629,-1.21324,"North","United Kingdom","2019-04-30","month",3098746,5769112,1148,3702817,822194,49828,-0.0909,22,8,31,26,0.107,0.0785,0.232,0.322,2.29,60.7,116046,35157,30742,22352,13470,129032,35909,16375,21351,15727,122737,14910,34665,15455,15712,161986,59574,25223,18501,17236,135196,29458,25301,21969,20105,71115,28077,13720,14054,9638,90898,25622,16062,10599,11776,73285,20609,8080,11463,8551
0,"North West",53.027538,-2.175821,"North","United Kingdom","2019-04-30","month",3010617,5478032,1074,3975182,904495,40599,0.104,18,13,33,21,0.0901,0.299,0.0317,0.312,2.64,43.6,98625,32409,15813,12860,13691,62786,16723,11005,9625,7473,152331,40937,35153,26503,21873,144744,23334,41420,20472,18623,102323,40826,13882,17743,12143,94215,15533,9948,13851,11421,78005,23204,16893,9412,9534,145137,16378,29178,25441,21076
8,"Scotland North",56.45974,-2.973105,"North","United Kingdom","2019-04-30","month",2731436,4612754,1093,3787223,920328,38424,-0.131,22,13,28,31,0.00419,0.201,-0.135,0.429,4.26,96,159795,32254,28434,27150,20244,162228,23278,21529,20160,16434,78706,12094,16351,13057,9826,83019,27565,13910,10036,11959,77217,10943,11682,8070,8366,153474,41170,41680,15963,21663,165625,20722,34487,25708,19192,142520,46796,35866,15147,20850
14,"South Coast",50.851834,-0.983612,"South","United Kingdom","2019-04-30","month",2977760,4250674,1239,3224484,945511,46580,-0.0848,19,14,35,31,-0.169,0.0918,0.0207,-0.00724,3.19,69.4,124319,13728,24940,24493,18362,161527,60163,17501,23974,23995,128722,38920,28357,14276,14837,83047,32663,11692,10875,8989,140448,53076,36915,14650,16717,90623,22785,16617,13372,12154,104786,15331,13043,14776,12238,94443,33074,13526,17174,9615
13,"South East",51.134193,0.264491,"South","United Kingdom","2019-04-30","month",3374563,5541751,1139,3737173,1006920,49903,-0.0677,20,11,32,25,-0.142,0.21,0.0253,0.304,4.82,74.4,93931,27292,27306,18017,10198,103996,26184,18965,18628,14352,145905,24764,20365,26386,18225,148672,31511,36890,27928,15146,158799,59222,23298,17921,21121,94433,37639,20779,10860,10226,135103,39148,38170,23623,13904,163087,45674,34821,26465,16641
11,"South Wales",51.652933,-3.021441,"South","United Kingdom","2019-04-30","month",2672080,5556658,1245,3500149,1027513,40662,0.157,23,8,42,29,0.0116,0.354,-0.0218,0.386,3.32,86.1,146429,26951,21816,14724,18457,137598,13897,37215,18283,18926,156112,30831,38320,20856,22561,105241,31596,13302,17720,10951,164024,33769,47738,26843,18613,71733,15418,17336,12139,7331,104567,20974,13204,13405,15625,71813,14871,13983,9198,7971
12,"South West",50.371714,-4.140162,"South","United Kingdom","2019-04-30","month",2710692,4762674,1086,3197084,770572,37094,0.0433,19,14,38,15,-0.0436,0.295,0.263,0.103,4.27,43,160673,58712,22118,23105,17210,135503,20381,24620,22043,19821,144288,26819,34704,19439,19088,151075,17763,44129,16088,21120,63214,22835,6411,9304,8435,84694,22787,25218,15162,8530,95840,35638,26364,13287,12692,70738,13385,8452,11841,7575
1,"South Yorks",53.550871,-1.478309,"South","United Kingdom","2019-04-30","month",3129225,3890979,1043,3430925,878020,34184,-0.0438,22,10,33,15,-0.0129,0.484,-0.015,0.231,2.73,69,95635,37206,26360,10266,11821,106226,31125,26877,19647,15303,135352,48661,37460,18654,19366,128969,32620,29441,13488,18727,146505,31176,27258,17695,21375,164563,65819,27678,28378,18108,70680,16387,20752,8445,7229,153278,25698,40906,15975,20095
9,"East Anglia",52.399452,0.264206,"South","United Kingdom","2019-05-31","month",3833531,4731553,1176,3150837,973921,42764,-0.104,22,10,41,27,0.164,0.469,0.0235,-0.085,4.82,79.1,143253,24675,38654,26509,21104,160717,51328,20911,30089,18550,83743,24746,14199,11683,11273,124717,12534,25004,22076,16723,108824,24535,19629,16663,15477,109578,26917,32842,17708,15441,85635,14377,15639,14190,12511,125357,48114,23725,13388,15192
5,"East Midlands",52.522979,-1.467778,"North","United Kingdom","2019-05-31","month",3267303,5248628,1047,2916073,973606,49591,0.177,19,12,37,17,-0.063,0.23,0.153,0.0346,3.82,83.2,116323,35240,22722,20873,16532,67261,15547,7933,13039,7529,131178,43495,23080,19041,17076,84170,26968,16164,10314,10359,133030,35236,22630,19916,17690,65379,12681,10248,8488,8571,112134,40503,28396,13521,12970,141301,50755,35942,26524,15374
15,"Essex and Herts",51.963206,1.351792,"South","United Kingdom","2019-05-31","month",3453664,6004242,1248,3112312,764043,41320,-0.0216,19,8,39,26,0.0555,0.209,-0.164,0.171,0.774,68.6,113120,23628,31786,19400,14547,88937,21193,20059,14669,12668,66010,16407,14343,6868,7121,81984,18095,16775,15305,10668,116305,37492,23116,19635,15753,71897,20857,21056,9453,8485,93308,35248,25230,17315,12901,153440,15852,37620,19451,22275
18,"Home Counties",51.352162,-1.993762,"South","United Kingdom","2019-05-31","month",3449856,3808678,1164,3765023,804200,44054,-0.132,20,13,38,33,-0.0751,0.0586,0.056,0.129,2.62,43.5,100035,34865,18746,12103,13469,159157,20317,30077,28410,16322,103848,17193,12254,10962,13678,116084,35170,33459,22232,15819,150908,47470,35001,27560,22193,87344,23207,23313,9667,9293,84462,32880,21236,16510,10905,126175,24829,31424,20445,13772
4,"Lancs Cumbria Pennines",53.789622,-2.243294,"North","United Kingdom","2019-05-31","month",3276464,5384790,1151,2505779,820142,36475,-0.0551,19,15,41,17,0.168,0.465,-0.195,0.349,1.53,70.4,71463,23943,20719,10630,10671,74909,28211,10643,9463,8937,152672,18920,37426,24970,18041,114953,14388,15334,13751,14122,138437,50273,18153,20507,16728,158671,35976,28297,31398,21410,82868,19363,11157,9092,9640,156902,47102,16749,25360,21838
6,"London East",51.537937,0.080932,"South","United Kingdom","2019-05-31","month",3571087,4897235,1157,3183641,914273,36668,-0.161,19,14,41,40,0.0325,0.195,-0.135,0.418,0.546,60,134008,52220,15657,24160,17576,166079,29110,22763,17758,19819,62573,8750,17397,7283,7919,102449,31753,16107,12389,13868,133530,51070,26703,23177,14370,119440,46532,28429,15469,15878,153883,55537,19315,27791,19957,75396,24500,7826,11774,10698
17,"London North",51.655197,-0.277485,"South","United Kingdom","2019-05-31","month",2581562,5356911,1089,3969841,794146,33838,-0.0456,22,9,40,31,-0.172,0.369,-0.187,0.426,4.95,65,117779,46024,22089,16350,15097,121085,46046,35626,21145,14783,151153,25683,16869,27692,21571,89461,18510,9640,16992,10967,75893,8384,11330,8161,10631,104763,33399,31062,19046,10811,123274,49019,27591,14265,14719,92818,19476,21327,17834,11396
16,"London South",51.486872,-0.095581,"South","United Kingdom","2019-05-31","month",3942593,4228551,1224,2525909,967899,46816,-0.166,23,13,36,18,0.0751,0.409,-0.103,-0.0173,0.471,96.5,127698,21874,36659,15096,17239,152621,34773,34591,28255,17903,62992,13086,7255,7970,9269,126504,30340,13813,17180,15562,158642,31904,25011,24445,22981,123080,21130,21463,23649,17239,161115,25672,29972,27591,21236,138684,31952,37101,16141,14737
19,"London West",51.509384,-0.195825,"South","United Kingdom","2019-05-31","month",3358749,5793681,1239,3030618,946548,47399,0.175,18,11,27,29,0.0291,0.107,0.131,0.433,4.04,97.9,129477,47028,37520,19237,15702,107798,13737,24682,14156,11559,145944,25465,15987,17179,17933,134727,29424,33671,16091,14369,121474,40193,19777,15701,14132,129859,51794,16820,19662,14101,87845,24018,12772,15469,10309,149908,57213,44491,28402,22270
2,"Manchester",53.386478,-2.351433,"North","United Kingdom","2019-05-31","month",3730574,4811899,1231,3025659,1034260,46231,0.0848,19,11,40,20,-0.142,0.328,0.0575,0.12,4.32,93.9,135083,46170,24615,25463,16766,99700,22802,23531,12668,12796,141502,45863,24846,25857,19605,120548,23790,34384,21514,16185,79672,12328,13629,12940,8007,90584,24978,12152,13674,9438,80697,21322,19878,15745,8171,109960,23396,12511,12253,14837
3,"Midlands",52.435044,-1.892271,"North","United Kingdom","2019-05-31","month",2713532,4352796,1149,3791965,980159,34144,-0.133,19,8,39,27,0.0602,0.232,-0.133,0.0353,2.58,75.1,111295,44057,27108,21657,11837,117082,20457,32361,13506,16226,148605,45466,21318,17925,21161,95835,36129,21527,16868,11840,151159,38575,37500,17456,16472,151225,48709,19904,20344,21320,138087,16891,27203,14165,16770,157952,42230,16042,29202,23097
7,"NI Glasgow",55.860011,-4.253951,"North","United Kingdom","2019-05-31","month",3382531,4542827,1200,3297622,917592,49580,0.14,23,14,31,23,-0.103,0.215,-0.0325,0.447,1.42,46.5,72300,13057,18085,11192,7948,117860,23860,20250,20359,12183,107831,14049,31239,17214,13321,165929,43795,30695,21035,24808,86046,30011,10285,12383,9339,66739,18966,11851,7031,9209,125119,41632,30117,16881,15261,123358,15333,17461,17799,12689
10,"North East",54.683629,-1.21324,"North","United Kingdom","2019-05-31","month",2873109,4277290,1095,3894495,921704,40815,-0.182,20,10,43,37,0.175,0.444,0.134,0.222,0.198,50.3,124824,20560,29534,21329,16394,154575,29612,34617,24673,18893,98713,29857,11787,19652,12679,166444,30236,38493,32101,23236,127021,50698,26366,22787,16132,92264,20861,25180,17221,12027,129982,15300,35502,25120,16238,121460,13951,33349,17276,15132
0,"North West",53.027538,-2.175821,"North","United Kingdom","2019-05-31","month",3149415,5908929,1066,3743265,824232,43607,-0.04,18,11,25,30,0.177,0.271,-0.126,0.137,2.74,48.1,85330,24980,21185,13513,12567,99312,23784,15107,12493,14510,85621,27053,11132,15534,10003,102317,23370,21878,19491,11015,159615,58175,21211,18650,22163,63613,6369,11132,8620,8185,119620,23093,35862,19594,13442,118261,26671,33487,17505,14002
8,"Scotland North",56.45974,-2.973105,"North","United Kingdom","2019-05-31","month",3617953,5588179,1109,2577629,961617,43130,-0.154,18,9,41,29,0.164,0.148,0.145,-0.0419,1.34,60.9,131167,38807,36758,18259,15421,128777,29723,14130,23457,13948,96435,23456,19659,18204,12803,158377,18642,44444,19765,16905,139289,30695,29394,19840,18088,80398,17217,8326,11185,11550,87796,25032,19722,16080,9009,144125,26416,22689,21885,17154
14,"South Coast",50.851834,-0.983612,"South","United Kingdom","2019-05-31","month",3438907,4875286,1202,3361581,771679,40683,-0.184,20,9,26,38,0.138,0.0375,-0.138,0.447,0.239,97,150568,24342,36854,20618,18045,108665,29087,13956,14948,14979,159002,37659,47293,19854,17392,90999,12043,15523,10578,11294,126524,17442,13691,19323,18304,149379,20535,18948,21742,21588,94670,27516,22157,11913,9535,114845,39215,22279,14464,15830
13,"South East",51.134193,0.264491,"South","United Kingdom","2019-05-31","month",3649778,4560696,1222,2519304,871362,41018,0.0822,21,14,35,28,0.0865,0.105,-0.129,0.328,1.72,76.2,125031,19754,28745,16655,17677,143050,43192,40681,27208,16824,144149,49116,34131,20510,17709,156279,22226,32966,29553,19315,152337,31694,29682,17176,21708,70765,17968,20191,12630,8349,80004,8746,18811,10868,10267,76801,27889,17325,7800,8599
11,"South Wales",51.652933,-3.021441,"South","United Kingdom","2019-05-31","month",3282554,5578036,1096,3456033,875211,41780,0.0229,19,12,37,17,-0.0945,0.323,-0.0162,0.412,2.42,93.2,89268,16549,26218,17627,12491,67923,7972,15204,10607,9200,100111,26211,12496,19060,10600,107407,35432,12365,19623,15309,97933,36809,26489,16264,12146,148806,24994,41020,18245,22167,163959,43151,18427,21884,18627,70458,12214,17587,11163,8137
12,"South West",50.371714,-4.140162,"South","United Kingdom","2019-05-31","month",3880407,4503948,1156,3135427,811083,45030,0.178,23,12,35,27,0.0619,0.482,-0.0748,0.153,2.34,82.5,76898,27243,15541,8100,9578,151121,44153,35110,16937,19383,139944,27116,24407,22879,14872,141237,28596,20608,23199,21177,111679,21909,18548,14305,14294,91913,34144,26140,10786,10120,126161,36921,25487,20355,13149,126330,16947,16275,16332,14800
1,"South Yorks",53.550871,-1.478309,"South","United Kingdom","2019-05-31","month",2847277,5125127,1221,3730420,759062,38739,-0.192,22,14,35,17,0.0729,0.0176,0.045,-0.00914,4,69,115414,31289,20262,12057,13633,154871,37178,21782,29893,22238,154370,53253,36467,23337,22377,69553,15096,19018,7809,8556,89251,20938,24659,9257,11224,125194,38713,17108,22596,15394,134051,23824,27868,17663,15376,68626,25348,17058,12470,7404
9,"East Anglia",52.399452,0.264206,"South","United Kingdom","2019-06-30","month",3422033,5554544,1208,3223456,851131,46384,-0.0617,21,8,26,18,0.141,0.0414,0.23,0.0312,1.79,93.7,86026,19434,16225,13678,10045,65264,22007,14733,10823,8605,165376,60521,17041,28580,16621,115381,22534,11684,14705,12085,109061,19245,25514,17883,11483,85718,12402,22023,9488,10422,71479,26609,12327,11064,7509,125824,45262,35102,16643,13149
5,"East Midlands",52.522979,-1.467778,"North","United Kingdom","2019-06-30","month",2937558,4022624,1107,3717321,893038,48925,-0.114,20,15,44,25,-0.167,0.279,-0.123,0.231,1.91,73.3,62828,9863,16058,11368,7429,117067,29900,15086,21062,16588,89993,28026,10518,10348,9992,124489,13212,22353,19681,17223,94968,9632,28141,14809,13830,140722,26337,22640,27209,19200,93213,9527,26770,11693,12350,84491,20844,10231,13448,9043
15,"Essex and Herts",51.963206,1.351792,"South","United Kingdom","2019-06-30","month",3587519,4320062,1058,3565380,760943,39433,-0.0228,21,12,41,22,0.0753,0.0299,-0.0361,-0.0177,2.65,70.4,93029,22101,16598,15106,11618,101151,36879,16346,16744,11632,159979,55412,44607,17378,16640,116403,22499,23466,17520,16554,134589,30121,24928,23994,14312,90741,32570,11457,9281,13277,82078,25945,24334,13846,10722,151221,56909,24384,16280,15351
18,"Home Counties",51.352162,-1.993762,"South","United Kingdom","2019-06-30","month",3863072,6162596,1128,3234154,854910,42644,-0.0859,22,14,40,33,0.019,0.0223,-0.00426,0.453,4.83,74.8,101422,30765,21522,19855,13132,133354,29319,17921,23558,17677,72787,27013,13696,13316,10128,132100,17932,38606,22761,14566,162656,63224,29144,29332,17927,131547,37576,18979,15172,18109,140836,14272,39968,14621,16913,165467,30035,20947,21729,17451
4,"Lancs Cumbria Pennines",53.789622,-2.243294,"North","United Kingdom","2019-06-30","month",3712267,3822008,1238,3182762,773211,40613,0.018,21,14,40,17,0.155,0.495,0.00747,0.227,3.04,43.4,123480,17953,27276,14214,14718,151178,37130,40705,28825,21741,149950,43506,29658,23648,16687,133264,19293,18575,18767,17593,97624,22773,20246,12692,12291,105025,34661,16412,20536,11559,148622,18620,15651,15384,22145,134849,36407,17892,24896,15464
6,"London East",51.537937,0.080932,"South","United Kingdom","2019-06-30","month",3163475,4489182,1056,3647629,971553,36016,-0.157,23,14,30,37,-0.00662,0.106,0.011,0.273,3.69,88.1,161857,45145,40433,20507,17019,124326,30442,26168,22119,14335,138522,15005,26587,14602,14963,120266,40684,23100,19723,13356,156964,54725,22595,30162,22005,164644,31456,37877,28461,20048,154323,44837,41645,22117,20260,112111,23834,29937,21692,11800
17,"London North",51.655197,-0.277485,"South","United Kingdom","2019-06-30","month",3967688,5704287,1241,3842139,885750,39024,-0.099,20,13,26,36,0.185,0.121,-0.181,0.213,1.47,91.3,134682,22799,19380,20106,13754,103584,15552,15193,16206,14602,121795,38150,12372,17953,15738,152964,36222,44813,25854,16321,74818,16348,18701,14905,9675,116902,22456,20886,14351,16560,160286,28944,41444,17695,19252,146620,24475,20374,25861,20487
16,"London South",51.486872,-0.095581,"South","United Kingdom","2019-06-30","month",3799287,6036745,1196,2601098,932116,37853,-0.178,21,13,44,27,0.089,0.286,-0.162,-0.0684,3.62,45.7,114575,26232,28651,17391,14100,133689,19221,13582,25981,18360,86550,17006,13170,15798,10888,116946,35341,14729,14182,13230,89274,15066,25746,17119,9557,133539,29360,15867,24205,15185,124863,31739,22909,24533,15943,95861,28254,23929,17795,13602
19,"London West",51.509384,-0.195825,"South","United Kingdom","2019-06-30","month",3502219,5202497,1207,3309445,769938,36096,-0.118,22,13,38,32,-0.139,0.417,0.0731,-0.0732,1.19,71.5,77155,10461,15241,13281,8887,160842,28691,33976,19741,19196,153998,37672,33121,19191,20356,109525,17989,24368,18536,15326,84177,18450,22300,13572,10820,113183,44805,27764,14233,16157,122899,16081,32828,23923,14110,136788,25755,14835,24192,13737
2,"Manchester",53.386478,-2.351433,"North","United Kingdom","2019-06-30","month",2934029,4194635,1154,3709949,772250,37722,0.184,23,9,31,36,-0.0147,0.126,0.145,0.349,4.44,55.5,106875,41401,10854,17316,10914,73901,12696,18873,12644,10379,166226,21100,34221,18115,23343,77890,29999,11573,14148,11395,112483,32916,28432,14890,12700,101848,15885,23987,17667,11298,91254,28936,11307,13700,11732,159922,17481,46674,16619,18084
3,"Midlands",52.435044,-1.892271,"North","United Kingdom","2019-06-30","month",3570397,5386841,1090,3148390,1017664,33394,0.136,20,12,27,17,0.0863,0.115,-0.149,-0.0296,3.56,41.8,69735,24368,9991,8446,9819,134649,14283,34219,19378,19298,71383,18402,16086,7960,7909,112592,20359,25851,22301,13497,143635,41720,32966,20054,17889,78205,22228,19132,11921,10248,140885,16665,28908,20210,21036,76836,28478,8539,9910,9211
7,"NI Glasgow",55.860011,-4.253951,"North","United Kingdom","2019-06-30","month",2945481,4810088,1176,3594575,884167,34505,0.118,22,11,39,22,-0.146,0.178,0.285,0.167,2.3,43.9,147032,49538,17115,23964,19800,81755,15868,22539,14311,11185,70983,19149,15195,9298,7705,113265,15350,13205,16682,12569,124999,17181,32090,20317,15050,104999,18790,27649,18731,12570,86108,32873,10283,14348,10527,117425,46791,29772,13732,12601
10,"North East",54.683629,-1.21324,"North","United Kingdom","2019-06-30","month",3392330,6237082,1071,3819286,973072,43767,0.186,22,12,38,26,-0.162,0.111,-0.0873,0.474,2.54,98.3,152409,47211,40139,20630,17891,155760,54613,20922,22456,17024,67127,10281,15394,7686,8074,67775,16189,9682,10541,8092,71810,25925,9068,7653,8548,155456,37525,40239,29278,22435,111754,18214,19885,19014,12763,159100,46105,16985,18960,19485
0,"North West",53.027538,-2.175821,"North","United Kingdom","2019-06-30","month",3297107,4170490,1133,3557970,904046,33550,-0.0594,22,10,25,34,0.186,0.314,-0.0984,0.111,1.98,41,129156,31509,23450,13294,17255,64405,11514,15330,8267,7481,107562,16863,19892,15294,15351,154370,38943,26441,17006,16057,120622,41979,13667,14033,13521,137130,23029,18045,21374,20470,140919,33261,20007,21033,16385,116569,16496,25241,15352,13226
8,"Scotland North",56.45974,-2.973105,"North","United Kingdom","2019-06-30","month",3882556,5054769,1215,3991492,870542,34217,0.1,20,11,45,31,-0.0864,0.156,0.207,0.424,1.94,69.4,124446,32505,18242,21654,16403,87380,25787,10128,15262,12676,152318,54448,35599,17656,16710,160917,43163,22935,16967,23199,114634,31608,15424,15574,11588,82465,17593,22000,10409,9527,70004,10956,17036,10685,9973,105850,23356,30734,14352,13773
14,"South Coast",50.851834,-0.983612,"South","United Kingdom","2019-06-30","month",2798480,5661740,1138,3354467,920967,46411,-0.0175,22,12,31,25,-0.0162,0.328,-0.194,0.351,3.74,96.4,115483,17487,16213,15897,11679,150251,37785,23495,24721,21185,159388,45948,42296,24633,16134,114285,20855,30902,18479,16060,77716,25220,20300,14068,10770,117070,16215,18904,13763,13493,78568,15550,20594,9558,9815,74263,9701,9051,13033,9860
13,"South East",51.134193,0.264491,"South","United Kingdom","2019-06-30","month",2808032,3973787,1087,2758858,974009,34610,0.115,23,14,39,18,-0.0285,0.343,0.131,0.487,2.73,55.2,115208,13812,19381,22284,13760,128476,32093,30236,15831,17348,67355,18741,15384,9693,7850,116398,45206,22381,11985,15239,126316,18106,30694,23019,14766,147246,34985,41891,28616,19137,69235,17363,9175,12847,8971,108650,25534,22410,16211,15830
11,"South Wales",51.652933,-3.021441,"South","United Kingdom","2019-06-30","month",3075447,4243833,1163,2822446,839176,46059,-0.161,20,12,30,21,0.126,0.275,-0.0261,0.0379,0.422,67.4,86687,30803,14329,15012,10984,123804,37920,27024,19661,15802,135618,18830,37898,23307,15715,84981,16654,22971,10123,11352,144445,48421,19429,28734,20187,126807,43744,17946,17098,14424,151429,18116,43043,25362,15445,134144,20153,19123,16590,19882
12,"South West",50.371714,-4.140162,"South","United Kingdom","2019-06-30","month",3754344,3961901,1059,3472007,1021250,42974,0.0444,19,11,42,34,-0.159,0.139,-0.109,0.393,4.79,60.1,94240,26957,13008,16929,9897,66432,17533,17832,11396,8605,102020,12170,29966,10250,10247,137594,47775,14401,13856,14387,67182,14417,12850,12968,7225,90023,11819,10351,9254,13319,158150,59717,23821,26220,19882,68681,15950,8366,11560,8767
1,"South Yorks",53.550871,-1.478309,"South","United Kingdom","2019-06-30","month",2763056,5136230,1235,3335432,834303,43486,0.198,20,10,38,25,0.194,0.344,-0.0759,0.02,0.499,93.4,102309,35543,27828,12947,11190,84779,28666,18007,11920,11535,102385,29511,11943,19538,11970,159614,57737,43424,29629,20880,85908,10889,23564,12618,8616,77096,30065,22758,9536,11527,134749,31035,31640,21811,14819,65074,16331,9358,11260,9205
9,"East Anglia",52.399452,0.264206,"South","United Kingdom","2018-03-31","quarter",3743482,12981314,3295,3260034,2790512,102531,-0.0654,20,11,35,28,0.12,0.0158,-0.00466,-0.0022,1.57,88.4,348636,39168,90898,59287,37774,414277,44868,64743,75746,53855,401766,158280,99759,44807,58271,311890,117347,62087,34873,38916,330088,78203,86198,45774,35343,482719,164740,70212,71668,59381,202338,56330,58995,29131,30256,197379,52649,48944,38232,20766
5,"East Midlands",52.522979,-1.467778,"North","United Kingdom","2018-03-31","quarter",2929240,15452712,3477,3895374,2419714,148877,-0.139,18,10,44,37,-0.179,0.0153,-0.18,0.432,2.24,81.7,348230,97055,41219,50964,44722,289877,64425,39735,56518,34973,431479,120372,79794,46950,52477,251508,69227,32057,31005,36657,459438,74599,83455,71147,46071,285109,44439,72811,36327,41367,402879,143663,94293,79916,45600,217617,46684,44563,30186,25990
15,"Essex and Herts",51.963206,1.351792,"South","United Kingdom","2018-03-31","quarter",3130833,13966944,3691,3601122,2447948,118069,-0.0133,21,14,25,28,-0.139,0.142,-0.186,0.404,2.01,81.6,250282,61870,44992,44057,29612,256730,91182,70546,29657,37108,379872,67630,107106,58170,55765,262022,90828,33593,50613,28349,379301,130784,106744,50813,47669,358924,118545,83244,38415,48229,243690,33156,24376,37723,26037,208813,42358,28550,22078,22579
18,"Home Counties",51.352162,-1.993762,"South","United Kingdom","2018-03-31","quarter",3908414,12978678,3659,3748120,3052435,107290,0.0802,22,11,42,19,0.135,0.264,0.18,0.335,2.06,95.6,315089,62363,35740,53608,45197,355357,53393,72667,45694,43577,275417,37158,78344,29800,28836,388562,138550,83842,51077,53000,256080,53909,55424,38435,30884,488531,48899,86147,82352,67724,468133,168363,100062,80212,64339,398980,159025,113573,61489,46044
4,"Lancs Cumbria Pennines",53.789622,-2.243294,"North","United Kingdom","2018-03-31","quarter",3688988,16149414,3545,3888558,2914452,120487,-0.085,22,12,38,15,0.0696,0.136,0.146,0.163,3.01,73,447140,80054,86607,84747,58023,448044,108709,103389,89338,64852,495812,52897,96517,98212,73742,442704,97808,98040,61793,64140,219599,47783,51992,28479,32650,444264,92826,118127,63861,48391,337034,131752,58259,43260,40921,358770,131837,101911,36680,52577
6,"London East",51.537937,0.080932,"South","United Kingdom","2018-03-31","quarter",2586160,18410986,3192,2866084,2624999,113866,-0.189,21,14,45,29,0.129,0.231,-0.149,-0.0155,2.55,96.1,403684,150789,103889,59110,45269,498336,81468,136040,65360,54054,488532,89203,139128,64491,53786,274407,49009,53929,47146,34748,478691,125346,69491,86742,48769,431575,136282,93093,64037,61773,407981,153778,56029,62536,46057,192904,54401,51504,30738,20496
17,"London North",51.655197,-0.277485,"South","United Kingdom","2018-03-31","quarter",3824648,13918289,3454,3657747,2356080,103593,-0.101,19,11,42,40,-0.0315,0.459,-0.182,0.107,3.93,55.8,442817,135343,51366,44806,51056,233580,40366,42470,45864,29168,420912,53146,90638,46605,54812,397564,72492,113113,47434,44687,283349,56986,74589,47491,35964,498916,61792,110794,71120,71194,268067,79709,74570,39520,33539,305575,71257,54720,31251,44375
16,"London South",51.486872,-0.095581,"South","United Kingdom","2018-03-31","quarter",2961946,16740476,3572,3796738,2454734,139428,-0.0124,23,11,36,40,0.102,0.407,-0.198,0.0834,0.131,61.8,403033,106701,60531,70090,45392,393443,133190,111097,44749,45470,392913,42820,92235,59669,50284,267819,31476,37766,46266,30032,437891,116213,94292,52921,59008,457976,125137,73130,69103,50198,436472,141823,61931,64318,64048,230139,55867,27828,37754,24456
19,"London West",51.509384,-0.195825,"South","United Kingdom","2018-03-31","quarter",2506086,12738828,3402,2618804,2389538,135952,0.173,19,8,31,38,-0.135,0.0577,0.0845,0.302,1.63,95.5,225424,36631,61851,43724,26945,288969,33381,82781,45496,39490,439645,133012,93776,59879,61239,350299,132652,74092,66541,48529,447181,149283,77631,68912,51474,355971,49307,102210,51667,46793,457310,116994,81993,57341,64806,235971,77409,23641,43172,31006
2,"Manchester",53.386478,-2.351433,"North","United Kingdom","2018-03-31","quarter",2918920,15304966,3502,3649875,2372017,145789,0.0992,22,12,25,31,-0.0654,0.264,-0.0466,0.227,1.16,98.2,264393,64082,48118,29870,28486,268445,48050,64809,30444,32775,408246,138053,89338,60708,44674,264753,86525,54920,35070,33225,218495,32298,46077,25223,25610,457560,112904,110470,51651,67888,488566,97403,122241,86232,63891,219209,49184,32803,41359,31328
3,"Midlands",52.435044,-1.892271,"North","United Kingdom","2018-03-31","quarter",3954738,16284179,3654,3631108,2849361,103431,-0.0772,22,11,40,16,-0.115,0.164,0.0761,0.158,4.25,83.7,252461,56400,44340,36749,26915,353683,79770,97910,55490,43909,220091,83483,38534,35240,24551,388598,83280,77450,63224,51168,262427,79744,63221,27305,27086,447319,66223,93893,72073,66939,342934,44413,80232,41877,49675,381971,64119,79265,65516,56703
7,"NI Glasgow",55.860011,-4.253951,"North","United Kingdom","2018-03-31","quarter",3037876,17472675,3443,2803961,3006546,139225,-0.109,20,11,37,38,0.177,0.146,0.12,0.064,0.322,77.9,405642,81809,102076,51738,58676,248637,56581,61404,39701,27690,455322,74229,118131,50377,52800,213628,40066,25525,31465,28821,436979,124666,112257,67925,48772,480927,110248,85768,71703,61037,430059,156005,60623,55776,60177,449718,75790,65115,58884,47345
10,"North East",54.683629,-1.21324,"North","United Kingdom","2018-03-31","quarter",3954653,14058295,3350,3027761,2361658,101643,0.00512,19,12,27,21,-0.0999,0.428,-0.0988,0.265,2.89,90.2,303748,72704,46260,36021,41701,454294,65199,127732,59592,61437,457049,76496,83570,55525,63831,335445,95522,97508,57953,48769,344695,58166,80487,61420,41919,484298,106057,85143,64182,57200,324795,88462,51787,46640,48173,438615,147980,118216,59936,45009
0,"North West",53.027538,-2.175821,"North","United Kingdom","2018-03-31","quarter",2543919,13450153,3559,3371783,2909682,148340,-0.0928,21,11,35,24,-0.0539,0.423,-0.12,0.332,3.86,93.3,387397,116282,72559,50481,54771,485850,139885,85677,55509,50241,356712,85966,42720,49467,43651,441627,74716,101520,47801,44763,204806,80260,38072,26682,25045,191457,25012,49934,25137,20195,421946,155560,42392,58661,56138,408190,149312,75895,71581,57357
8,"Scotland North",56.45974,-2.973105,"North","United Kingdom","2018-03-31","quarter",2774013,17118540,3522,3824124,2681777,102997,0.12,19,12,27,21,-0.018,0.451,0.0195,0.262,4.19,94.4,457923,88805,91912,56229,61232,370771,75959,59156,60320,48906,428583,158187,81270,81312,60591,280092,30938,80993,34238,40310,434429,85112,88477,58175,50779,449087,145571,50107,70596,63768,267088,76218,65380,39990,38925,355414,38863,47151,68068,52034
14,"South Coast",50.851834,-0.983612,"South","United Kingdom","2018-03-31","quarter",3035708,12458478,3228,2979883,2512518,117173,-0.0437,19,14,44,15,0.155,0.309,0.128,0.118,0.441,71.5,370925,128572,86200,68290,40210,383410,87865,109491,54558,49338,208787,30392,46847,29418,25440,420916,87275,117316,80260,54753,307987,63713,53655,33685,40554,387558,117653,61552,49927,46992,428771,118260,67258,69864,47012,240763,75580,49228,40833,33015
13,"South East",51.134193,0.264491,"South","United Kingdom","2018-03-31","quarter",3822144,13691810,3534,3200087,2655182,100271,0.044,23,11,33,22,0.164,0.293,0.000663,0.314,0.888,84.3,363444,106466,36499,64018,50427,494365,125153,83248,56743,70507,197993,33367,48145,26382,26715,338209,97608,73257,39387,46160,466056,175252,129236,55228,68919,428414,53076,80493,73366,55572,234667,78134,37501,26700,23573,478979,144078,82342,76352,70678
11,"South Wales",51.652933,-3.021441,"South","United Kingdom","2018-03-31","quarter",3379999,17872104,3624,2811802,2556143,126010,0.17,21,12,38,18,0.16,0.461,0.226,0.435,4.39,76.9,204442,26779,26271,39792,23833,263167,88162,71141,51684,34371,270727,28413,29318,45776,27188,236827,75364,32611,27929,34061,383396,68962,106469,76466,45616,443505,151629,71439,77298,60605,476038,161037,84128,94911,68878,289453,68475,77785,50127,41873
12,"South West",50.371714,-4.140162,"South","United Kingdom","2018-03-31","quarter",3916660,13116700,3743,3513658,2805998,107091,0.0239,22,12,32,21,0.146,0.459,-0.0837,0.307,3.65,43.5,476491,48327,55003,65885,61959,416904,138164,105151,73652,45785,413566,121577,56995,51136,43725,244125,39392,39938,46817,30005,460002,159015,58836,78667,56367,279583,36733,83612,36454,37930,445647,97300,80814,65620,49497,375514,50157,70162,58598,52631
1,"South Yorks",53.550871,-1.478309,"South","United Kingdom","2018-03-31","quarter",2921911,13438369,3503,3017451,2549244,126274,0.0836,19,12,33,18,-0.0386,0.371,-0.146,0.269,4.61,85.9,435038,145962,90343,72834,63454,465056,91804,98197,77826,57465,378836,86169,71449,69470,53672,235643,25940,36543,42745,23915,379540,62836,75233,39600,43692,346830,86467,47981,64979,43520,257667,52225,67190,29760,26452,418017,91203,89578,70452,59659
9,"East Anglia",52.399452,0.264206,"South","United Kingdom","2018-06-30","quarter",2757701,16688055,3365,2534937,2902742,108535,0.00201,21,12,43,24,0.121,0.273,-0.187,0.281,4.9,40.4,278095,62763,75626,44866,39487,451693,68072,47415,50127,48119,303262,99121,88539,53368,37862,498934,52494,116207,91102,72816,188113,35869,50791,33912,26012,212105,83634,45713,27987,25798,278499,28998,72709,32321,35957,271139,101018,49413,31985,34531
5,"East Midlands",52.522979,-1.467778,"North","United Kingdom","2018-06-30","quarter",3327938,15459667,3553,3165039,2839538,107009,-0.0373,21,9,29,22,-0.139,0.127,-0.167,0.228,0.904,57.1,469218,76110,131346,59070,61216,482321,163613,73963,67242,72232,410826,54959,107444,47381,50887,189094,49118,24052,24741,23673,284829,33965,81863,52484,31533,206153,52959,26896,39305,25998,481498,169969,129907,76090,58124,361858,113182,67080,53171,39312
15,"Essex and Herts",51.963206,1.351792,"South","United Kingdom","2018-06-30","quarter",2521125,17766299,3169,3485907,2764175,118420,0.169,19,14,35,28,0.152,0.242,0.233,0.293,0.19,61.6,199886,38236,47476,26110,25387,338385,131888,91633,35137,47027,279760,36416,29968,42462,28923,415611,85192,64279,66954,54436,467924,130333,82256,54261,64765,358540,93205,96676,42625,53114,454245,79687,97984,86575,46993,271433,28287,50994,50481,31889
18,"Home Counties",51.352162,-1.993762,"South","United Kingdom","2018-06-30","quarter",2672907,13087821,3419,3225253,2818208,142276,0.041,22,15,41,20,0.19,0.47,-0.111,0.333,1.6,100,472766,86524,110759,68212,50858,327095,122424,43847,40184,36469,268586,94594,28131,50857,37135,268091,28575,65908,41346,29344,236676,87740,33044,45157,33022,490711,145355,101806,52551,66537,417945,91451,83733,62800,53865,424694,45998,58787,61387,60794
4,"Lancs Cumbria Pennines",53.789622,-2.243294,"North","United Kingdom","2018-06-30","quarter",3242036,17876964,3167,3450533,2361644,123528,-0.187,21,13,38,28,-0.184,0.0864,-0.0257,0.145,2.58,76.4,286154,32043,71831,53930,38682,456125,130759,131095,90671,51649,318042,58567,50357,32258,34045,240213,48080,42913,38950,25135,393503,97167,45747,53420,58261,476416,133126,56078,82489,56183,347134,89774,37467,52874,36969,470253,61525,82309,92516,50814
6,"London East",51.537937,0.080932,"South","United Kingdom","2018-06-30","quarter",3628959,12182143,3481,3175244,2273574,112485,0.14,19,9,30,17,0.194,0.19,-0.139,0.178,2.1,68.9,350490,123497,90532,49152,46334,397540,53523,71078,48870,45038,369642,63494,65491,47003,45671,413907,146385,60933,75120,46713,238534,46388,62806,40888,31382,199630,50607,53396,35611,22190,244779,89476,37537,40390,35247,229627,83825,59166,33346,32754
17,"London North",51.655197,-0.277485,"South","United Kingdom","2018-06-30","quarter",2855939,15759392,3536,2711070,2688593,120819,0.156,22,12,34,29,-0.0278,0.454,0.00717,0.279,0.896,99.5,284375,38799,46506,48568,36249,251466,41902,67490,30567,33325,342533,54203,39481,57087,42979,304537,58079,38833,57434,44554,425743,97746,102106,69236,50041,461126,70029,66371,82766,46531,370554,94601,100725,49355,53591,267454,60445,50082,28801,31154
16,"London South",51.486872,-0.095581,"South","United Kingdom","2018-06-30","quarter",3952331,18334167,3269,2614730,2516771,146251,0.124,18,11,32,18,-0.0326,0.491,0.2,0.298,2.18,55.3,473105,133703,98284,92703,58397,271341,106916,44565,42765,34785,476681,116673,79385,93613,59217,353180,114864,37615,69680,46829,276835,65603,76830,50717,36304,449387,178134,53174,57047,58486,444127,91069,113598,85586,55686,364699,78785,44374,43562,52908
19,"London West",51.509384,-0.195825,"South","United Kingdom","2018-06-30","quarter",3515202,15549392,3454,2937011,2827351,112139,0.0519,19,12,35,24,-0.0706,0.25,0.111,0.392,1.65,54.3,315916,123113,31619,53542,39612,488959,71460,126525,80632,51871,202418,67508,26693,39313,26782,348167,48028,94794,63239,38150,192461,21692,38861,37212,22114,242935,88858,26260,33037,29595,479233,85972,52721,50063,51466,475693,120318,53738,83965,64770
2,"Manchester",53.386478,-2.351433,"North","United Kingdom","2018-06-30","quarter",3421561,16511103,3688,3373597,2456386,144187,-0.194,20,9,45,28,-0.128,0.0173,0.146,0.102,1.71,58.8,405221,104514,67222,42712,57198,373184,132576,85171,57431,55943,379960,120665,44735,40731,42656,498557,69541,95981,73937,67855,377927,115766,37965,47060,51422,366611,50024,102048,42457,48942,233034,28323,56896,27810,34406,449149,68309,128844,72447,58416
3,"Midlands",52.435044,-1.892271,"North","United Kingdom","2018-06-30","quarter",2606673,15299743,3479,2571691,2419812,138949,0.0181,23,13,37,20,-0.148,0.275,-0.086,0.00212,3.93,77.9,226054,50978,63097,34530,22833,363222,140294,97147,49557,39564,302533,46214,61234,33644,40602,487754,128841,75615,58314,67723,312674,95712,74692,61600,34795,235358,65086,45297,36008,30836,484422,157359,121764,57606,71069,209237,47716,56743,34532,23485
7,"NI Glasgow",55.860011,-4.253951,"North","United Kingdom","2018-06-30","quarter",3790605,17263239,3453,3865984,2722013,138862,-0.183,21,14,41,19,-0.0614,0.196,-0.0724,0.0273,1.51,72.7,335994,128625,67715,49639,39362,288347,43875,41553,54097,29415,437242,133149,123350,61201,47618,379240,68409,94936,71011,41494,202096,43091,23050,22241,26582,448233,160930,99420,58138,61763,462127,102279,100794,90470,60439,190437,45241,19886,22230,21300
10,"North East",54.683629,-1.21324,"North","United Kingdom","2018-06-30","quarter",2974875,17379172,3207,3644589,2624080,111619,-0.141,18,14,32,27,0.194,0.0594,-0.139,0.265,4.74,91.3,192407,62900,31431,28623,27861,325768,122447,34263,56361,37511,357398,101671,84257,44832,45156,384622,122069,91943,63154,50426,398429,87017,118040,49707,44100,388577,141812,92025,72482,47366,493344,102404,114594,75211,64336,472257,111269,90411,48995,53529
0,"North West",53.027538,-2.175821,"North","United Kingdom","2018-06-30","quarter",2937047,12603150,3392,3893417,2789457,143146,-0.106,21,13,36,17,-0.148,0.365,-0.00803,-0.0606,0.316,99.3,395627,50730,97113,54220,48041,412220,163941,89536,67815,57028,349363,79420,45385,40584,43469,428681,76953,97228,71887,46706,334585,78463,88717,54909,39351,385554,49236,87043,51261,39494,435202,159992,102735,85605,53703,241634,51136,49166,30854,32490
8,"Scotland North",56.45974,-2.973105,"North","United Kingdom","2018-06-30","quarter",3138298,17256395,3435,2595239,2560238,110207,-0.0193,19,11,33,38,0.128,0.27,-0.133,0.171,1.27,72.1,262405,95791,60441,27876,30896,333928,96894,86381,58104,41575,226534,77450,64474,36012,22982,275071,98272,67464,38800,33936,353323,65108,38745,40731,42817,358091,49215,61817,50884,50248,389766,103278,72310,54497,44304,492312,113308,99852,70566,71707
14,"South Coast",50.851834,-0.983612,"South","United Kingdom","2018-06-30","quarter",2802281,12378994,3716,3978096,2971341,118295,-0.107,22,14,31,39,-0.11,0.101,-0.173,0.245,3.9,83,422769,69039,108923,43806,57368,236583,61368,49869,24493,28659,308511,46276,34260,41127,32639,470445,72807,66415,88606,63252,399930,157590,91934,67992,43966,443156,71651,97199,73925,64959,442408,157316,122970,54094,60334,445907,76333,93146,57659,47919
13,"South East",51.134193,0.264491,"South","United Kingdom","2018-06-30","quarter",3312965,13310608,3227,3127240,3017836,138334,-0.0811,19,15,34,22,-0.0608,0.474,0.265,0.0578,0.334,52.2,287342,47840,58259,46083,37825,497387,181971,113189,74814,60432,232483,69791,44766,24310,28876,332074,84584,86273,34253,39426,321124,102518,60529,62945,36708,468987,74551,111625,65486,62071,332810,80593,64533,35502,38395,203987,76696,38352,25519,27987
11,"South Wales",51.652933,-3.021441,"South","United Kingdom","2018-06-30","quarter",3587018,15429644,3240,3256673,2469445,118178,-0.0349,21,10,42,25,0.192,0.46,0.275,-0.0262,3.73,64.6,376476,83880,76639,57219,47513,226347,35528,34503,32742,26039,309677,109301,89710,56023,34954,248667,34559,53554,41764,29360,497181,156892,76706,71554,56565,190841,61483,43581,37899,20463,374960,67707,85055,65404,44922,264871,68311,75982,50887,31042
12,"South West",50.371714,-4.140162,"South","United Kingdom","2018-06-30","quarter",2559050,13308253,3420,2928166,2649047,142382,-0.13,21,11,36,35,0.185,0.323,-0.186,0.0111,1.99,87.3,262719,44188,64908,52344,37330,314535,111415,64554,39996,35005,252154,70903,48417,36517,34864,231845,81516,66665,30702,25788,395663,121165,63184,61903,54884,449478,77509,116286,84478,48257,256562,37631,69041,35155,34229,346677,52518,43390,41447,39876
1,"South Yorks",53.550871,-1.478309,"South","United Kingdom","2018-06-30","quarter",2760818,13465934,3665,3454989,2542920,147804,0.0436,19,14,25,35,-0.0303,0.265,0.247,0.27,2.87,87.7,301470,44296,47371,52957,35979,324523,45049,41957,51000,38000,313509,56265,42663,58055,46419,353935,94121,53720,40055,46912,292082,32520,68618,52343,37146,383380,114902,111106,51452,44666,475141,188255,107765,58968,48790,450188,135058,125850,66892,48392
9,"East Anglia",52.399452,0.264206,"South","United Kingdom","2018-09-30","quarter",3699432,17199847,3571,3034824,2409567,103445,-0.0615,21,12,27,34,0.0575,0.312,-0.095,0.309,3.54,86.3,225809,50789,55619,28046,29839,214606,80701,55787,37048,22437,383174,63017,95063,54500,46485,270351,83863,77180,35138,33475,379479,124763,62912,41621,56562,196134,27436,37321,35780,23671,333755,114179,41442,34274,46810,278852,57607,44604,39151,41716
5,"East Midlands",52.522979,-1.467778,"North","United Kingdom","2018-09-30","quarter",2972358,11898509,3236,3994876,3106501,103710,0.0376,20,12,32,25,-0.168,0.0519,0.122,0.305,4.61,58.3,389566,148128,99013,68510,55869,297067,109667,87578,33873,40348,495260,189061,144460,74147,62989,395108,126125,116977,73836,45836,225089,63525,65525,35337,33135,392614,42313,107767,52072,58856,315694,66333,50367,39069,37044,419806,122766,98408,68939,53661
15,"Essex and Herts",51.963206,1.351792,"South","United Kingdom","2018-09-30","quarter",3773611,13043208,3472,3750188,2822370,101372,-0.029,21,9,33,21,0.072,0.362,-0.163,0.0491,4.76,99.2,466681,184993,109574,67352,59657,362442,126115,96936,51384,37650,335181,36372,92245,48103,36612,333662,45381,75237,49094,34959,478419,168435,133094,76978,58836,248445,89798,46751,36155,25182,388683,46290,64415,53331,44923,212533,48918,24401,41299,21420
18,"Home Counties",51.352162,-1.993762,"South","United Kingdom","2018-09-30","quarter",2821525,18655236,3149,2916510,2434532,134707,-0.134,19,11,27,23,0.0223,0.46,0.213,0.438,1.86,73.6,203897,45816,42369,21514,29416,496901,119596,118025,91129,50897,239492,89776,60405,24790,34376,314904,113178,76540,55348,41394,319651,32454,75171,35725,41310,448235,111170,99802,57527,64430,194148,66375,32540,36985,20879,264560,86675,59580,48709,27924
4,"Lancs Cumbria Pennines",53.789622,-2.243294,"North","United Kingdom","2018-09-30","quarter",3218269,15017881,3289,3399741,3023308,128973,0.0913,20,12,43,21,-0.0856,0.477,0.199,0.256,2.2,94.5,216496,55975,47787,21841,21657,469969,185127,74259,77210,65025,450627,50324,49770,69358,63678,303965,100858,78002,56529,36367,280583,63807,81048,36134,39650,293249,70374,67074,45286,33111,283741,97849,43309,55937,39928,297128,117173,62979,29748,34652
6,"London East",51.537937,0.080932,"South","United Kingdom","2018-09-30","quarter",3194641,17730160,3359,2520304,3078877,126274,0.185,19,13,31,17,-0.197,0.487,-0.176,0.454,2.48,69.1,456915,138151,126673,62122,54469,204985,48696,30195,36884,26776,202843,43010,26949,30192,28394,365624,124460,89928,56145,44615,433332,99005,61964,85566,44845,405783,86097,65509,43908,50046,325757,94336,90133,38541,42020,208666,40693,57888,28741,28389
17,"London North",51.655197,-0.277485,"South","United Kingdom","2018-09-30","quarter",3972189,15657001,3192,3260455,2988109,102254,-0.179,19,11,43,34,0.138,0.0819,0.157,0.0368,3.46,47.5,319640,70324,56303,37537,37225,435042,57667,107262,83436,57284,274577,40775,56072,42668,38933,421709,43015,101380,52581,62256,277587,71454,70004,44692,34935,323808,101834,92653,33114,33158,456591,119717,57577,57956,52327,499664,51563,146600,81253,51020
16,"London South",51.486872,-0.095581,"South","United Kingdom","2018-09-30","quarter",3918617,18629647,3380,3229467,2539547,127689,0.0356,20,15,32,25,0.0267,0.173,0.272,0.349,3.53,58.3,335903,86439,64522,50951,42652,229528,72984,62335,41467,33461,489332,104077,135500,56265,56842,497037,159263,129328,58111,64475,343561,41361,60830,34883,44128,388950,106220,53246,52375,54576,206774,53084,50631,32716,22117,419000,143330,125516,47140,44371
19,"London West",51.509384,-0.195825,"South","United Kingdom","2018-09-30","quarter",3348313,15599410,3581,2928484,2914448,105907,0.19,19,8,36,21,-0.178,0.339,0.179,0.123,0.208,75.3,349870,139682,51001,41950,40347,426632,133957,64335,67337,49580,475159,48150,79247,64044,53195,329050,111927,38701,51156,46709,196173,54285,26809,21754,26216,188675,42391,23042,36109,24488,206873,60772,32954,21700,25433,482801,167944,90441,83600,53070
2,"Manchester",53.386478,-2.351433,"North","United Kingdom","2018-09-30","quarter",2946554,14059049,3336,3679157,2949415,132931,0.0623,22,8,45,38,0.105,0.381,0.00948,0.173,2.61,89.7,290891,43934,60905,34870,43351,328513,98269,43088,34525,38551,403603,53205,46298,53341,51678,192201,47672,21876,28890,19799,356812,88232,66542,42797,42813,422805,137717,42569,75710,54587,210714,76832,26172,22142,23809,441443,66169,94026,80285,46844
3,"Midlands",52.435044,-1.892271,"North","United Kingdom","2018-09-30","quarter",3215608,13414511,3284,3220356,3113276,145901,-0.0369,20,12,30,35,-0.00843,0.385,0.109,0.327,0.836,66.6,395791,45209,82476,68025,47388,492749,136356,95292,77157,52424,294989,38156,82951,57888,40437,361578,99409,94919,51535,49171,490950,142105,141357,92424,66942,289078,78141,36423,35586,35296,278049,33901,38102,51263,33032,275247,60661,34506,40118,32363
7,"NI Glasgow",55.860011,-4.253951,"North","United Kingdom","2018-09-30","quarter",3513463,14053056,3609,3334264,2338111,100857,-0.0557,21,14,40,22,-0.002,0.0604,-0.134,0.0755,2.99,53.1,315787,74296,80318,39455,39638,414666,125113,45175,81372,41994,398815,56325,115499,75540,51503,358859,114765,97503,44005,37833,269045,71214,78696,45115,28726,408713,134717,94398,56675,56517,233816,64176,23955,41617,30024,368175,82387,56050,50509,44332
10,"North East",54.683629,-1.21324,"North","United Kingdom","2018-09-30","quarter",3523082,14064057,3744,3099765,2809104,115549,-0.13,22,13,28,28,-0.173,0.389,-0.0646,-0.0473,1.64,71.8,189749,70695,40199,22389,20872,284093,33070,41222,36196,37928,413952,52076,61584,50051,44958,200719,57298,42657,23330,27881,206105,75168,31826,32476,23697,285795,66144,77248,53976,39155,357116,37767,96672,43202,40954,459331,94244,65032,57839,53745
0,"North West",53.027538,-2.175821,"North","United Kingdom","2018-09-30","quarter",3126150,15940227,3442,2697301,3029214,108102,-0.0772,20,14,27,23,-0.00839,0.412,0.0912,0.415,3.79,71.5,355900,48603,67076,37088,43652,259587,77872,55552,33818,27145,198429,53723,43879,36184,20259,300106,45254,36667,42321,41634,281583,61298,32915,45342,31286,331679,104611,50893,60059,44762,427110,116384,96580,84193,47128,477642,134013,56737,57733,64701
8,"Scotland North",56.45974,-2.973105,"North","United Kingdom","2018-09-30","quarter",2676104,14626012,3216,3881488,2258938,149514,-0.0702,18,14,35,30,0.123,0.373,-0.0786,0.443,4.81,69.4,470794,133653,63123,63711,47207,419078,90238,71041,64518,45293,401026,63825,72421,70515,48425,357691,101289,84282,70467,41123,264990,89491,64396,31455,38106,272228,35495,41793,36543,29938,427386,153326,124686,76956,48196,238876,42910,44321,45847,30924
14,"South Coast",50.851834,-0.983612,"South","United Kingdom","2018-09-30","quarter",3942170,11489275,3324,3164834,2286274,123903,-0.12,22,12,28,36,-0.0903,0.0217,0.0177,-0.0695,3.71,92.4,470608,122277,67766,50560,51930,254795,75149,65758,42936,38109,343621,71764,60643,40785,36216,197133,24352,47140,22107,25787,251753,73790,35712,35133,35064,425668,53439,122157,74922,52567,228700,27526,63661,40347,30378,344878,126371,45041,38136,46019
13,"South East",51.134193,0.264491,"South","United Kingdom","2018-09-30","quarter",3366046,14997590,3417,2951289,2252710,143384,0.11,22,13,25,25,-0.0328,0.101,0.282,0.268,4.51,96.9,430253,136706,104021,47455,45910,420556,79540,52142,67618,60265,330413,71049,66574,50102,42326,229494,27229,36320,39007,29776,239345,83054,67863,38862,32768,264230,73236,43918,28051,38469,305831,39760,34734,37992,41963,259193,89486,41007,48523,26270
11,"South Wales",51.652933,-3.021441,"South","United Kingdom","2018-09-30","quarter",3038757,14125503,3618,2534808,3102346,146111,0.156,18,12,33,17,0.175,0.101,-0.172,0.374,3.94,63.3,454848,108264,121288,84425,67629,217070,69454,49700,29586,26994,424775,140883,82063,53401,49349,215014,24415,36834,39107,21558,351281,98526,104575,62867,45270,413502,161440,54002,80115,59774,263366,56145,74053,50408,38736,361781,46872,46234,70617,49281
12,"South West",50.371714,-4.140162,"South","United Kingdom","2018-09-30","quarter",3518533,14975085,3453,3410603,2777470,132062,0.11,21,10,42,31,0.0123,0.231,0.0479,0.466,4.58,70,483926,93663,76488,83809,58675,448334,63802,79598,63264,62464,349096,112275,54141,57098,40041,484914,73802,81863,77489,49204,249776,61503,45762,25353,31524,374504,44059,52810,49612,52848,192236,35741,40006,30757,24894,334000,96966,70955,63401,42212
1,"South Yorks",53.550871,-1.478309,"South","United Kingdom","2018-09-30","quarter",2877210,16831989,3304,3119260,2552944,139674,0.0866,18,13,34,20,-0.157,0.37,-0.158,0.0815,4.02,49.6,401720,78720,120509,61972,54451,399743,63785,87852,70872,59017,488517,107945,54397,71611,52043,489906,180663,65730,61653,56685,332192,103514,65010,53064,33649,463034,75352,60258,82716,56729,401240,46988,61914,52283,48327,281297,80154,44151,40823,31569
9,"East Anglia",52.399452,0.264206,"South","United Kingdom","2018-12-31","quarter",2507473,14964120,3331,3300827,2696222,147954,-0.153,22,11,26,27,0.0626,0.331,-0.0828,0.218,2.17,92,247615,77005,65160,32331,28676,386973,136688,44355,63560,44162,413960,132364,88515,61039,49035,401823,70751,52893,76216,48550,482780,52072,120548,58873,67673,355894,60443,72724,38815,48869,325047,36190,59949,38813,33792,234501,67575,32746,31278,34115
5,"East Midlands",52.522979,-1.467778,"North","United Kingdom","2018-12-31","quarter",3754068,13467699,3704,3524198,2605271,122939,0.188,22,13,30,23,-0.142,0.133,-0.111,0.453,4.17,74.3,293771,104307,58545,48137,43506,390921,121783,103659,58156,51447,471458,48093,49402,70540,51308,456697,116298,114319,80671,65321,276121,99141,41018,46772,35442,448844,55901,46642,83144,50647,405435,77445,79275,75642,57514,449408,139818,65020,83295,57398
15,"Essex and Herts",51.963206,1.351792,"South","United Kingdom","2018-12-31","quarter",3245463,14879548,3660,3740193,2675756,112614,-0.0682,22,14,38,23,0.115,0.245,0.00522,0.336,3.48,75.5,445711,171585,51344,56692,53749,262918,80006,75851,28751,32970,292954,60528,49440,32812,32118,192149,21327,34351,26643,26162,375694,84147,57966,56195,40780,210366,54577,37501,21673,25833,292064,111969,36057,56047,42845,498880,138691,65360,83648,74700
18,"Home Counties",51.352162,-1.993762,"South","United Kingdom","2018-12-31","quarter",2901331,14113315,3390,3580793,2388449,126417,0.086,20,11,35,36,-0.136,0.175,0.111,0.243,1.12,70.7,420440,165815,101875,42068,43678,484615,53853,138888,50963,71168,309322,103693,85199,58390,45939,341021,97689,35610,53090,47610,291326,41265,77155,52444,34595,200223,57818,42418,20996,22279,289272,114877,59580,49605,30604,396659,143452,65958,49179,46692
4,"Lancs Cumbria Pennines",53.789622,-2.243294,"North","United Kingdom","2018-12-31","quarter",3080487,13543614,3325,2647917,2686175,104182,-0.102,22,10,45,40,-0.118,0.472,-0.115,0.17,0.451,64.8,206252,68597,30659,40814,26693,388946,94017,46374,56555,44755,414991,154493,96821,52834,53470,264551,94082,58924,28956,36803,479309,95716,87127,53992,60751,391114,122836,57342,41906,48479,319254,121142,94384,52572,34788,392963,76866,76189,46999,53389
6,"London East",51.537937,0.080932,"South","United Kingdom","2018-12-31","quarter",2942427,15130108,3674,3223873,2628432,137922,0.148,22,10,41,19,-0.0997,0.115,0.23,0.195,0.188,75.6,214486,56597,21524,31472,30300,221059,77062,32420,37714,22342,266097,67710,37162,52551,29386,328718,62580,89574,48560,45121,400357,91158,81135,63603,51370,428755,92946,117078,82833,44788,357459,101777,94288,38361,44011,482645,82560,63399,48717,71904
17,"London North",51.655197,-0.277485,"South","United Kingdom","2018-12-31","quarter",3128023,14583143,3326,2608468,2797915,120210,-0.166,19,9,42,37,-0.134,0.0505,0.289,0.133,3.43,98.8,391797,148746,58118,60595,50016,404119,153580,64758,64565,55614,200716,24671,47957,38385,24416,399721,94606,58899,62632,55527,360052,120404,53692,56581,47706,260562,38885,43819,41720,34452,498299,118780,134598,68686,54345,366123,43061,107736,63348,49954
16,"London South",51.486872,-0.095581,"South","United Kingdom","2018-12-31","quarter",2578826,13708534,3667,3291867,2657383,122827,0.193,21,8,34,22,-0.142,0.187,0.182,0.391,4.1,98.4,273979,71362,69526,51853,36706,476545,186889,96026,71380,57319,278341,42302,57949,53546,34750,305827,93819,54450,59857,35818,268232,84935,41855,35224,39867,461926,111665,90633,77378,68080,420862,100102,97888,64346,46362,222030,29650,24186,36479,32383
19,"London West",51.509384,-0.195825,"South","United Kingdom","2018-12-31","quarter",3209119,16936273,3487,2982068,2666909,119268,0.115,21,12,37,33,0.055,0.387,0.198,0.435,2.07,87.7,373670,50055,105692,55070,47229,258690,61536,66391,28111,34632,215273,50549,31323,22027,28600,439043,101871,49553,65585,46174,336650,88723,92444,60313,44199,454476,178207,87029,75981,55391,480380,53929,86822,72059,57157,417561,94414,86106,62355,43438
2,"Manchester",53.386478,-2.351433,"North","United Kingdom","2018-12-31","quarter",2676061,14917157,3344,3853822,2477229,140469,0.113,18,13,35,36,0.039,0.448,-0.0112,0.456,1.3,43.6,307362,60684,43313,60584,38787,202848,65369,28983,25133,22789,400500,90228,100846,43489,53278,300526,92528,34738,36306,39650,345178,57595,49423,43812,50331,481647,151486,110932,67121,64532,332033,131579,53204,56440,34178,396040,146139,116036,75507,52364
3,"Midlands",52.435044,-1.892271,"North","United Kingdom","2018-12-31","quarter",2666918,14760410,3287,3138263,2660651,130078,-0.159,20,11,42,17,-0.0664,0.409,-0.0951,-0.000987,4.75,99.5,392256,84725,90114,41323,41931,268212,45207,40839,27027,39660,361213,96810,36869,47470,46912,379707,144069,97855,68640,41037,251488,52542,60491,47754,35235,411639,43832,111181,74260,56913,358792,125377,88146,55413,38885,412327,154087,58337,63151,48612
7,"NI Glasgow",55.860011,-4.253951,"North","United Kingdom","2018-12-31","quarter",3530136,15160958,3670,3706688,3026087,137160,0.171,19,11,42,40,-0.153,0.426,0.0101,0.155,0.384,68.3,345653,107651,60531,42410,46074,301484,94796,87807,36600,31761,403539,147023,88550,64121,42527,450051,102840,121657,68419,51026,365797,47844,43693,40131,54383,379390,67782,107776,40054,45382,229989,89797,48956,39807,28382,341444,135078,94058,68156,47932
10,"North East",54.683629,-1.21324,"North","United Kingdom","2018-12-31","quarter",3807600,15559157,3416,2826950,2994209,123206,0.0305,21,11,41,27,-0.12,0.236,0.1,0.286,3.96,65.5,464990,152224,59344,81557,60138,356588,82882,47835,43253,46671,242957,92396,70615,46078,25126,416029,100138,82513,65708,57725,362807,131638,68812,40957,50597,315136,98308,53368,50336,34126,342240,105219,46465,50731,34443,478115,159697,113809,89963,57925
0,"North West",53.027538,-2.175821,"North","United Kingdom","2018-12-31","quarter",2808925,13713996,3532,2760517,2973558,131614,0.139,22,10,33,27,-0.0147,0.181,0.165,0.105,0.432,52.8,444039,75517,60878,80728,46977,349491,132658,100200,68817,36457,254084,83244,48875,30566,25643,495277,121298,148187,80555,55100,223871,75170,31297,31297,28626,491418,95585,107816,52169,67893,309110,50088,53373,39337,37904,467552,121426,130016,55380,70034
8,"Scotland North",56.45974,-2.973105,"North","United Kingdom","2018-12-31","quarter",3618118,16289426,3633,3987362,2472612,118087,-0.132,20,12,35,35,-0.0462,0.425,-0.0729,0.00454,1.81,77.6,267874,27405,78363,33703,30324,395215,115826,75707,65610,45313,459278,84346,60728,70371,52333,499639,139629,103817,94228,55121,265016,74116,40081,32896,36596,360453,76562,100627,38862,37392,434229,133110,57240,72040,58861,361959,61809,45174,66194,50969
14,"South Coast",50.851834,-0.983612,"South","United Kingdom","2018-12-31","quarter",3223466,18364651,3699,3208439,2653027,101785,0.117,20,14,29,20,0.127,0.496,-0.0783,0.251,3.68,54.1,350304,86883,103013,50819,44741,291418,55205,66836,55125,32581,367542,86569,93334,52764,40857,210014,69125,30111,36203,23268,347831,104712,94418,65470,37301,279706,66944,46814,31855,38041,458373,180072,62356,74921,46228,432517,69114,68543,60613,59350
13,"South East",51.134193,0.264491,"South","United Kingdom","2018-12-31","quarter",3668621,12263826,3176,2535342,2692446,138980,-0.141,22,13,26,37,-0.0672,0.049,0.274,0.234,3.31,83.2,260325,96386,72558,43040,34266,402230,145442,76945,43464,49330,420855,78364,66285,60664,45007,325757,100303,93879,37616,38913,233776,82855,36528,41435,27591,418187,55308,46915,67689,53779,446756,80630,61719,87943,45899,196210,25797,34477,20591,25492
11,"South Wales",51.652933,-3.021441,"South","United Kingdom","2018-12-31","quarter",3840515,13230616,3396,3051325,2587802,128394,-0.135,19,13,35,39,0.105,0.241,-0.199,0.366,2.96,76.5,375414,84207,86990,54952,49169,187532,28638,21552,31949,22712,403248,139928,102609,48159,59869,283142,45744,32311,42280,35199,256118,58216,56964,45443,29472,238450,29795,58227,39179,30863,312353,86815,44275,49729,39199,252447,42861,29714,29627,37011
12,"South West",50.371714,-4.140162,"South","United Kingdom","2018-12-31","quarter",2705180,16125663,3380,3536629,2710494,103324,-0.0308,20,9,39,33,0.0418,0.334,-0.107,0.35,4.09,43,253502,94709,48554,36263,34719,318496,118583,42670,55236,38557,286164,109246,84120,44072,40246,352681,99217,100942,48589,46095,497444,77254,110738,88797,52367,497805,92340,86672,86585,56363,413097,155342,119044,61930,57921,373557,91671,77599,39969,46630
1,"South Yorks",53.550871,-1.478309,"South","United Kingdom","2018-12-31","quarter",2772779,17765410,3201,3963589,2959121,125863,0.153,21,10,26,38,-0.122,0.467,0.0708,-0.0544,0.271,72.7,285564,57304,75321,46241,32836,438322,90103,98245,81608,53097,342731,88375,87589,67769,36971,199931,32850,34048,29244,23665,216824,57445,24379,39563,22739,291512,111300,45385,30460,35811,369382,135232,109626,68104,53103,377517,147100,110043,54196,49532
9,"East Anglia",52.399452,0.264206,"South","United Kingdom","2019-03-31","quarter",3000456,16605876,3291,2818817,2991854,100176,0.0564,19,9,36,29,-0.135,0.453,-0.0683,0.174,1.56,95.6,242728,52418,26982,41195,34353,376707,77245,42831,48886,51885,283580,32788,77587,45707,38797,323984,81173,54313,62869,39480,329036,120258,59657,63441,48145,376776,74914,41240,54065,49445,367552,107818,37117,38074,46833,403989,78569,73700,48361,51457
5,"East Midlands",52.522979,-1.467778,"North","United Kingdom","2019-03-31","quarter",2744530,13256222,3474,2518348,2285183,124147,-0.0609,22,9,33,38,0.166,0.144,0.171,0.0823,0.425,53.3,356163,115606,86504,69126,49606,299382,87810,70954,52886,39582,471613,171521,97424,93500,63550,219707,46488,50402,35827,30353,415134,84968,76116,49611,44714,477559,124238,82145,93154,52751,316350,61257,62333,62091,46596,487617,91945,61762,87645,57684
15,"Essex and Herts",51.963206,1.351792,"South","United Kingdom","2019-03-31","quarter",3983024,16221841,3128,3125801,2290193,140281,0.0702,23,15,26,29,0.11,0.0209,-0.156,0.237,2.17,73.3,389005,135640,76151,56063,43853,217518,38243,37423,41946,21928,268720,85285,55407,46335,31747,325788,50253,56447,37657,46537,439687,118980,74768,44146,48679,470154,50884,92587,64882,64841,213840,29567,46847,36124,26449,376527,96650,95288,75190,40387
18,"Home Counties",51.352162,-1.993762,"South","United Kingdom","2019-03-31","quarter",3568009,18194796,3740,3813418,2657342,118602,0.177,19,11,43,32,-0.0776,0.406,-0.0653,0.206,2.38,76.2,312764,32019,41735,58083,44805,470840,142870,63147,86100,68431,215275,76510,25852,29938,32209,416023,100634,61182,73408,60197,215264,49803,34069,27290,22651,372584,107025,44493,73939,47049,457447,157250,112838,74706,62332,256391,78122,58583,45882,33074
4,"Lancs Cumbria Pennines",53.789622,-2.243294,"North","United Kingdom","2019-03-31","quarter",2700154,13018200,3193,3295550,2507969,118047,-0.0225,22,10,26,29,-0.0583,0.0532,-0.0536,0.0897,2.21,59.2,226674,88087,45757,42496,25629,237943,37073,24564,44749,31456,395682,153705,40959,48692,45837,310919,114684,40264,50118,40210,378167,89677,69627,56084,49298,412418,103978,100755,72367,53711,319278,119755,78368,40770,43641,357129,100316,82979,55565,47389
6,"London East",51.537937,0.080932,"South","United Kingdom","2019-03-31","quarter",2802030,17865453,3573,2582950,2599979,146138,0.00694,22,13,25,27,0.0239,0.341,0.0323,0.349,4.45,47.6,232230,35421,44926,25936,33472,350852,73674,82144,45066,39461,464689,98429,84686,57154,52126,192205,35111,34229,27315,23071,382881,44182,103324,67682,56378,217019,73604,40526,26333,24043,400014,137430,71950,61355,43105,213103,21691,50920,34262,24936
17,"London North",51.655197,-0.277485,"South","United Kingdom","2019-03-31","quarter",2610549,14281450,3502,2692615,2802214,139657,0.172,21,11,34,20,0.129,0.359,0.108,0.0366,0.827,97.5,459172,88483,71472,54266,56092,379420,108196,40966,48444,51266,457237,82135,54663,82175,59320,370606,110981,73418,63504,49464,243531,52625,36162,32402,27141,248465,32030,42154,35701,24910,341424,57609,96689,59581,48809,307800,51486,47330,59047,34769
16,"London South",51.486872,-0.095581,"South","United Kingdom","2019-03-31","quarter",3847949,12377924,3328,3226287,2329747,124767,-0.0776,21,9,30,36,0.0895,0.348,0.0451,0.474,4.73,97.7,466288,65796,70535,63544,53740,430229,115908,105947,76021,56475,434437,50688,53182,48467,54338,352551,91949,94127,59468,47986,287040,84076,42417,38867,39625,197101,42661,27902,35581,20624,195462,37761,27037,27863,27814,280767,45820,40296,34227,35292
19,"London West",51.509384,-0.195825,"South","United Kingdom","2019-03-31","quarter",3281153,13748759,3185,3272016,2651883,121490,0.145,20,9,33,38,0.18,0.477,0.117,0.00475,1.38,66.6,332460,37829,76148,50815,37391,215602,35251,49365,42528,26505,480747,70660,61102,50936,57902,198982,32577,53890,30543,26058,340515,38712,75241,65352,34413,376716,63462,102169,72162,49581,471289,133923,125569,53254,56191,325171,63434,67807,39778,40500
2,"Manchester",53.386478,-2.351433,"North","United Kingdom","2019-03-31","quarter",3729637,13878114,3422,2974120,3015937,125036,-0.0982,22,14,35,19,-0.0837,0.369,0.00271,0.379,3.51,87,265606,57062,70452,50219,33148,193709,29535,55542,20738,26759,389400,100592,48990,75867,55819,294067,88551,56588,54579,38559,265853,31586,39685,40031,26948,434457,109253,86246,80547,54156,476603,97006,101868,88273,64567,361099,58946,38606,69117,49316
3,"Midlands",52.435044,-1.892271,"North","United Kingdom","2019-03-31","quarter",3972575,11483869,3578,3147799,2523312,137286,-0.0448,20,14,38,20,-0.00542,0.216,0.242,0.318,4.06,97.3,349386,40308,56392,58309,41339,281518,42702,60365,48105,38697,192620,49632,24940,22452,25272,475124,62299,107139,85413,61713,381590,79622,98248,46097,49145,254714,59050,53522,41889,27661,354531,114099,40352,61967,42209,237166,84020,45755,24775,26432
7,"NI Glasgow",55.860011,-4.253951,"North","United Kingdom","2019-03-31","quarter",3052830,15318459,3601,3298916,2676143,135023,-0.12,22,14,39,20,0.00427,0.387,0.0546,0.0405,1.71,47.8,435958,79917,126240,76144,61034,284450,52091,80056,41346,40594,495824,52845,125539,92557,56197,340583,51385,65762,49912,38999,282738,84546,78798,56203,30371,350372,95710,79875,47717,51308,234338,93549,39165,43264,33665,458643,108599,48323,58280,56949
10,"North East",54.683629,-1.21324,"North","United Kingdom","2019-03-31","quarter",3140551,13762356,3573,3848410,2494892,133306,-0.0274,22,12,28,29,-0.11,0.0381,0.174,0.459,4.13,73.3,298007,76892,57932,51095,36525,266557,79233,71692,28021,33182,290700,34619,85273,53833,34483,389473,100517,99463,66398,54470,399546,66541,71176,49458,49954,217470,22866,23754,33806,30989,414925,149866,66768,77451,41966,355761,58298,37408,36615,46956
0,"North West",53.027538,-2.175821,"North","United Kingdom","2019-03-31","quarter",3336939,14160845,3640,2509339,2750834,108247,-0.175,23,8,35,38,0.000652,0.314,-0.127,0.211,0.243,49.1,265241,89274,27345,49201,34664,294634,92746,38086,57287,31219,466177,94841,84025,81985,54952,197885,48521,57767,31794,23622,406242,121555,118739,57288,41242,458078,154664,94412,50022,61951,474684,90243,88811,61698,65623,423964,101583,59644,82649,57629
8,"Scotland North",56.45974,-2.973105,"North","United Kingdom","2019-03-31","quarter",3049004,17313531,3362,3352765,2448615,148343,0.136,22,11,32,34,0.0216,0.468,-0.106,0.014,1.73,93.4,229462,47701,58596,45325,24278,262457,96366,44701,46218,32304,380708,127922,44194,66990,55099,477828,178408,92531,68133,52200,357409,109711,79814,65328,50084,300545,48989,82879,56308,44369,435649,93052,88455,72349,49815,282368,31651,53253,38023,39811
14,"South Coast",50.851834,-0.983612,"South","United Kingdom","2019-03-31","quarter",3058794,14981594,3721,2943497,3024512,114154,-0.135,22,13,43,22,-0.134,0.0104,-0.113,0.357,3.49,47.9,380232,133321,89035,68585,54927,477451,170200,132364,50906,62211,304724,66145,66424,58393,32061,408124,44370,65259,46492,45381,467362,79164,63520,76401,60204,276775,73970,42162,49336,36207,236855,79655,64278,34237,27164,335519,104397,50287,53497,41974
13,"South East",51.134193,0.264491,"South","United Kingdom","2019-03-31","quarter",3135048,13180296,3302,2778537,2467370,124150,0.176,22,13,27,15,-0.0347,0.0454,-0.0659,0.357,0.609,86.2,433092,111856,91426,59957,62023,291928,107472,79579,46720,41479,405483,78569,73469,67173,41946,310201,35482,73559,58480,33656,440207,121749,109046,64917,65730,396916,95561,109365,60582,56049,318261,50822,82400,61699,32905,447220,173033,104560,64564,49660
11,"South Wales",51.652933,-3.021441,"South","United Kingdom","2019-03-31","quarter",3226795,18450076,3155,3900838,2641144,117163,-0.0704,19,15,35,24,0.168,0.0504,-0.188,0.366,0.592,65.4,379541,111188,104929,60632,47682,356702,88283,83684,60363,43993,352336,117194,77053,55432,39947,310370,101480,74410,52739,37245,358572,60861,83601,40948,39321,296020,35660,64752,38427,30275,456199,123480,107655,81621,54725,223555,27362,23328,28240,31905
12,"South West",50.371714,-4.140162,"South","United Kingdom","2019-03-31","quarter",2799210,12930265,3716,3541159,3021456,106490,0.0952,21,12,27,20,-0.0644,0.0823,0.211,0.389,3.7,45.7,408602,75119,97331,59682,51237,463193,70911,102178,61519,54762,491637,112958,131312,88634,56877,306858,71670,48429,46694,37950,401504,79057,76568,71154,57545,318426,44986,46626,59316,40452,307035,115883,76453,38206,36103,213849,23333,50485,33276,30560
1,"South Yorks",53.550871,-1.478309,"South","United Kingdom","2019-03-31","quarter",3698069,15507279,3317,2656308,2729496,111618,0.00395,19,13,37,25,-0.142,0.113,-0.0848,0.489,1.7,92.6,482644,122058,93328,71433,70159,430821,86383,110213,50594,52778,206020,24524,40997,27232,23844,384104,128443,92211,75950,42159,374028,54278,103866,62957,41703,311902,65491,40467,51331,42689,247159,92228,25628,41965,34234,289208,97029,66596,29822,35143
9,"East Anglia",52.399452,0.264206,"South","United Kingdom","2019-06-30","quarter",2860051,11823117,3750,3667221,3122921,139429,0.156,21,10,42,16,0.119,0.12,0.0898,0.14,3.84,43.4,473720,182363,100029,89084,58157,372741,52125,93951,72209,53724,373608,72874,61982,64657,43117,375200,72377,68706,52578,44528,494751,137972,62012,82786,60423,279199,57831,30940,48969,32383,458654,137931,116315,77240,51826,290083,106325,34338,39940,41142
5,"East Midlands",52.522979,-1.467778,"North","United Kingdom","2019-06-30","quarter",3289800,13753571,3365,3118154,2536348,122033,0.143,23,12,29,25,-0.106,0.197,-0.141,0.0668,4.72,82.4,440227,65864,124838,82124,64563,310640,83892,36918,37166,42907,439774,103063,51096,63240,62887,365165,76331,108866,51660,52455,344802,50373,68154,46640,48796,248990,60946,43747,38523,33571,439664,70301,88667,62777,45682,272484,59786,73079,33129,34649
15,"Essex and Herts",51.963206,1.351792,"South","United Kingdom","2019-06-30","quarter",3092160,17801042,3465,2782038,3042665,128447,0.199,21,9,25,16,0.113,0.129,-0.00801,0.315,4.58,88.3,392734,101553,100687,78441,58128,358805,42573,85524,58520,44392,271375,86112,64363,36480,27446,479861,54181,99161,49793,67431,478546,53143,88983,84497,49087,328986,92376,48660,37709,41892,322218,51586,67435,50566,40790,462923,110045,125786,78403,49823
18,"Home Counties",51.352162,-1.993762,"South","United Kingdom","2019-06-30","quarter",3475597,14861999,3640,3952715,2382815,135355,-0.0322,19,15,40,19,0.131,0.162,0.0916,0.481,2.28,50.6,394925,79386,67666,68227,54806,458942,159234,111186,48043,55322,396747,54345,84419,76713,44787,494099,128037,54421,82955,69433,288827,62823,71037,31120,39226,477083,79886,53347,47899,63273,494046,158667,82977,90371,56910,356712,76100,84057,61054,45732
4,"Lancs Cumbria Pennines",53.789622,-2.243294,"North","United Kingdom","2019-06-30","quarter",3872845,13616231,3194,3759471,2987057,132606,-0.0372,18,12,42,16,-0.00366,0.467,0.19,0.332,3.34,78.5,378399,109565,83258,69166,46157,356567,112014,87480,38476,36944,326654,88077,52770,54965,48462,277017,51603,75378,35839,37425,365935,122143,84486,60195,43130,261674,49537,31254,41952,32257,407178,110460,85442,62494,56367,436773,169427,97318,67544,65474
6,"London East",51.537937,0.080932,"South","United Kingdom","2019-06-30","quarter",2899840,11810515,3191,3148855,2803974,142877,0.0928,22,9,44,35,0.167,0.029,0.0102,0.23,4.99,67.5,398389,115539,62866,52426,41164,327000,64667,46693,32996,44520,211988,35132,51547,27397,24255,353634,76603,77758,40539,47578,453879,88042,95026,45803,52389,351143,99026,79957,63404,39709,395978,110105,60946,43020,50518,482730,188886,87129,85974,65702
17,"London North",51.655197,-0.277485,"South","United Kingdom","2019-06-30","quarter",3535582,12138115,3615,2523500,2321498,132039,-0.16,23,9,33,27,0.0395,0.33,-0.1,0.0664,1.66,70,206417,67587,56705,27602,25403,330504,95951,60855,42728,34235,326314,112806,60977,36513,44312,353377,127384,41286,54700,35651,394032,77623,88524,40897,57622,259773,100754,59366,34157,30607,481656,95601,128062,65605,66214,385991,122581,115421,51550,55840
16,"London South",51.486872,-0.095581,"South","United Kingdom","2019-06-30","quarter",3319739,17118316,3713,3699446,3005350,134210,-0.132,22,11,34,26,0.166,0.373,0.107,0.49,1.88,78.7,234087,77808,69276,29216,31930,223480,40977,66809,27453,31207,464016,59822,75592,70905,63290,275317,69677,69534,28890,35010,286431,36754,33028,34757,38705,222605,41341,61853,35291,27428,388421,154584,115153,39547,42555,199451,71267,41480,32609,23771
19,"London West",51.509384,-0.195825,"South","United Kingdom","2019-06-30","quarter",2607749,14247242,3463,3758225,2509602,117719,-0.0574,19,12,36,34,-0.00641,0.207,0.237,0.0165,3.9,67.7,496661,182420,89068,77246,67867,334252,123621,80994,66372,44008,393360,131312,76618,41939,43401,281391,54403,35623,55666,37792,218861,69113,62360,41980,22391,394450,77744,57773,53528,52467,257864,50949,65975,43102,28875,267919,102843,60178,50695,36645
2,"Manchester",53.386478,-2.351433,"North","United Kingdom","2019-06-30","quarter",3834257,16428948,3594,3123245,2660203,120890,-0.184,22,14,33,23,0.0793,0.394,0.166,0.0373,3.99,47.1,306413,121484,71011,30771,39967,375776,71027,51423,62634,53022,243381,83527,66099,42491,26417,234845,31719,45140,24056,26969,362557,66438,77923,57437,37725,349718,44342,92342,49034,40824,419899,107832,118165,46687,60200,238086,60046,35917,44105,29562
3,"Midlands",52.435044,-1.892271,"North","United Kingdom","2019-06-30","quarter",3778894,11784735,3387,3055737,2832444,142514,0.108,19,13,28,39,0.0981,0.398,-0.189,0.258,2.07,42.4,423218,141191,100846,61420,62865,254435,93986,39709,44081,25791,237966,87181,40187,35628,33512,467620,69688,104293,56657,66965,410983,116481,78405,56641,49291,490236,146950,85665,52165,56838,381722,58703,96864,63788,45057,401500,121391,73782,44869,41770
7,"NI Glasgow",55.860011,-4.253951,"North","United Kingdom","2019-06-30","quarter",3082238,12572336,3749,3276136,3056657,104040,-0.111,19,14,29,33,-0.151,0.371,0.198,0.0346,3.48,83.7,268254,55915,55494,51585,40216,360589,74583,87315,52158,37325,271417,100057,60041,32148,32061,311249,72039,44371,43737,33074,379274,112995,91603,43184,51875,317797,122193,51186,56317,47415,288324,34818,77151,52421,29523,244006,82502,26305,32093,30280
10,"North East",54.683629,-1.21324,"North","United Kingdom","2019-06-30","quarter",2853660,17886680,3520,3907379,2708565,111946,-0.00315,20,12,44,19,-0.0459,0.298,0.0944,0.175,0.356,86.3,408529,124226,56518,73719,47224,348043,54146,40158,38574,48356,339832,104393,49199,48180,45614,422078,167044,94176,52677,48509,268591,38481,63147,27921,30329,329809,63082,70292,53681,48726,477649,70041,71538,91559,54059,372683,122950,102174,47061,40273
0,"North West",53.027538,-2.175821,"North","United Kingdom","2019-06-30","quarter",3750230,14041808,3601,2573224,2302975,121631,-0.076,20,14,41,23,-0.0917,0.458,0.0956,-0.00986,4.59,60.5,257375,57419,55889,51227,25841,396972,40949,104867,55700,57197,412913,143324,123578,68470,52512,455992,161881,61129,71687,51404,482229,97896,77788,70823,70886,237039,86455,23957,33472,24117,475356,170658,69254,94749,47878,408315,142723,81447,70275,61101
8,"Scotland North",56.45974,-2.973105,"North","United Kingdom","2019-06-30","quarter",3734516,16988105,3641,3123608,2344029,125168,0.014,20,11,43,29,0.0924,0.443,-0.0543,0.323,4.98,41.7,356223,92659,78891,60412,37937,296192,108451,86517,43610,42101,414582,139173,65661,72233,49487,436760,54110,111335,56576,48696,405064,87956,86943,75059,54841,402725,119287,45849,44729,53090,284551,94435,33275,51253,30232,339737,53124,94571,38085,43120
14,"South Coast",50.851834,-0.983612,"South","United Kingdom","2019-06-30","quarter",3724953,11755342,3467,3713773,2315941,115647,0.00397,19,11,35,19,-0.0235,0.0672,0.032,-0.0695,4.52,60.1,199291,49303,59695,25926,25253,425880,136371,69334,55878,56033,196689,21340,44125,21612,22244,430596,146836,85614,74601,43080,483456,158059,135641,65007,64259,421511,45208,42394,55148,59178,375561,116128,61418,63562,53438,464803,73845,59700,71204,54453
13,"South East",51.134193,0.264491,"South","United Kingdom","2019-06-30","quarter",3599883,16306222,3642,3107778,2811406,111616,-0.158,19,8,27,18,0.185,0.17,-0.179,-0.0834,0.648,68.1,437425,86716,97482,55447,54020,370976,68277,42047,49662,39376,195308,34013,38515,37748,28928,269144,83195,27937,53041,38519,334416,95413,54438,61360,48653,466489,82785,125235,55979,48529,443923,68051,95874,67200,45097,307521,55646,85950,38625,38875
11,"South Wales",51.652933,-3.021441,"South","United Kingdom","2019-06-30","quarter",2572818,13771807,3338,3625006,2332733,143734,-0.119,18,14,43,20,-0.172,0.362,-0.163,0.25,3.48,57.3,189569,39645,37519,35720,21254,399947,92617,48724,62194,55720,482416,129974,133713,78602,59633,293682,89103,75634,53831,38218,483419,110058,127308,90562,63983,218161,24640,48081,22842,32315,466439,158243,69033,75805,56028,193705,61937,25686,33816,25824
12,"South West",50.371714,-4.140162,"South","United Kingdom","2019-06-30","quarter",2986413,13563665,3236,2525870,2792496,147554,0.142,20,8,40,25,-0.126,0.137,0.0866,-0.0105,3.69,42.6,339884,95113,47573,49207,37925,255705,44555,26913,49823,33311,359799,136409,104718,65614,52703,191433,25306,56587,24006,23146,338575,129907,64094,62762,46209,334629,38583,43494,47436,38488,477101,65385,91245,64063,67265,247130,40336,57912,25575,33762
1,"South Yorks",53.550871,-1.478309,"South","United Kingdom","2019-06-30","quarter",3594921,13289853,3139,2988880,2747596,126341,0.185,18,10,37,22,-0.158,0.34,-0.149,0.0372,4.26,70.5,429797,134607,50312,62095,53430,419959,111045,68009,63653,51606,456435,164508,62769,60366,62322,210959,67820,22538,31027,27879,210867,40333,48863,37770,29119,416537,93533,47362,78486,62332,431517,67851,111496,78350,58059,212077,56276,59390,30329,23855
9,"East Anglia",52.399452,0.264206,"South","United Kingdom","2018-12-31","year",3363352,65425886,13227,3803851,11107549,447512,0.198,19,8,34,18,0.0445,0.0597,0.21,0.383,2.71,60.5,1807132,252961,449586,251089,181821,1337784,261194,315307,187406,196997,1696705,332028,340397,281774,239074,967215,270981,151261,133819,139574,1411597,168191,240434,173073,166090,1233039,125518,168846,183825,156453,869026,308512,157547,109059,116044,1424864,165525,277378,235738,143790
5,"East Midlands",52.522979,-1.467778,"North","United Kingdom","2018-12-31","year",3708275,67178972,12671,3616288,12039787,519570,0.149,21,10,41,27,-0.0147,0.182,0.294,0.409,2.04,90.5,1536067,432954,347562,179851,197424,1838366,643837,398470,254348,243018,1500706,535572,428209,179467,181005,1228854,143648,329995,128096,157757,1096996,159956,297157,111713,124234,821954,290682,189225,135651,122561,1809272,213704,188012,353174,256942,1842590,316712,246462,310845,275895
15,"Essex and Herts",51.963206,1.351792,"South","United Kingdom","2018-12-31","year",3876230,64515894,12696,3602800,11727820,553350,-0.00646,21,13,38,38,-0.0185,0.283,0.0677,0.272,1.99,75.3,1202529,373250,275451,235395,126213,843955,316083,230428,137125,109834,819261,110918,101846,148963,84299,906149,153270,234768,160247,120541,1733781,485550,187453,195823,195767,1489765,218998,159818,157893,195248,1532323,587390,239065,163966,180289,1425762,480069,389433,182261,179560
18,"Home Counties",51.352162,-1.993762,"South","United Kingdom","2018-12-31","year",2595710,54959213,13220,2503493,9063082,490858,0.111,19,11,26,38,0.153,0.409,-0.0368,0.455,1.48,86.2,1748236,424420,355170,279939,205713,1578499,544077,339540,294255,173455,1187023,346962,243971,133462,157794,1209300,240545,129780,229262,181209,1100033,271273,300103,162547,115054,1529794,445913,380374,233142,178239,1925412,682995,220366,341988,225504,848725,318585,183359,149967,121776
4,"Lancs Cumbria Pennines",53.789622,-2.243294,"North","United Kingdom","2018-12-31","year",3973869,63641069,12767,3758682,9684886,432465,-0.0819,19,14,27,22,-0.0232,0.113,-0.152,-0.0482,0.601,95.8,1161752,421867,204536,147476,117069,1105329,119890,133354,152594,128745,1918859,414608,368489,204278,265974,831253,89337,164217,124698,119101,1807253,522411,529147,231771,250669,1523080,411252,250186,301880,203138,1617877,396823,455790,311767,224669,1071598,128440,121435,191149,153220
6,"London East",51.537937,0.080932,"South","United Kingdom","2018-12-31","year",2916648,53749852,13780,3682884,9653563,531464,-0.0236,18,13,31,21,-0.0973,0.15,-0.0976,0.183,1.78,52,1109460,132462,328566,188812,144254,955033,337273,274768,132559,136620,1524432,295925,337615,234035,187607,1012557,180189,257450,105179,130542,1759769,213979,194767,221689,200120,1982094,637172,363603,370935,293931,1326156,468841,330746,211047,193927,799239,100502,113847,139371,118974
17,"London North",51.655197,-0.277485,"South","United Kingdom","2018-12-31","year",3646966,46081692,14198,3524553,10429261,504329,0.161,19,12,30,27,0.0925,0.114,0.0509,0.343,2.53,71.1,1403906,470642,189504,152881,187442,1973164,476555,430237,363010,236596,1749973,191393,229888,184520,204444,1984242,568251,240542,212878,277278,1618637,321733,306216,216262,216142,1334478,141405,197488,231481,170816,1336700,329466,188065,167410,167296,777584,236247,207109,101231,103893
16,"London South",51.486872,-0.095581,"South","United Kingdom","2018-12-31","year",3293132,58827801,14915,3544153,9861080,493375,-0.0866,21,10,39,30,0.0375,0.0874,-0.199,0.201,3.97,97,1191530,188727,126376,188733,129365,803697,147162,134599,145954,93251,1584142,555306,316219,278928,164384,1815613,537429,486375,261808,215292,1172592,300718,294394,205999,139359,1094894,343049,189196,164493,147109,1450631,311782,374768,195506,203771,1114835,130833,161326,174658,132100
19,"London West",51.509384,-0.195825,"South","United Kingdom","2018-12-31","year",3554424,60261321,14422,2931100,9742466,467984,0.147,19,12,28,29,0.169,0.105,-0.186,0.393,0.887,93,1008759,228378,153485,104684,145306,1068396,350170,148752,194579,133518,916944,339934,107908,106452,135988,1001544,302288,256419,189101,142316,894108,297020,164983,132843,106932,1445572,161883,205070,281531,153658,1375463,365877,315447,160805,175115,820883,201730,109361,157030,85774
2,"Manchester",53.386478,-2.351433,"North","United Kingdom","2018-12-31","year",3249041,51769197,12770,3691755,9390975,442025,-0.109,20,10,29,32,0.0679,0.315,-0.14,0.192,0.999,75.7,886405,276867,150861,110618,100788,958799,96570,104037,155392,110836,1135754,439261,150776,144830,117954,897692,344280,169026,109074,128538,1956144,573006,237214,376880,252912,1261877,373659,341947,244910,133137,1751691,678704,247193,349906,190111,1982198,343989,446318,251198,226694
3,"Midlands",52.435044,-1.892271,"North","United Kingdom","2018-12-31","year",3799003,70435884,13970,2559670,11553960,518620,-0.0791,20,14,32,25,0.18,0.34,-0.0913,0.316,1.83,53.7,1204148,212273,204856,216868,160239,1941900,406586,549365,200193,250804,1322737,152618,338306,247040,168506,1387869,471804,193212,150373,151434,1438102,266697,206008,167306,186301,1526240,211631,271434,269324,200869,1099973,210186,135092,123588,154668,764246,191046,215121,117926,96978
7,"NI Glasgow",55.860011,-4.253951,"North","United Kingdom","2018-12-31","year",2903646,49316377,13921,3960119,11022750,558960,0.142,19,15,30,27,0.0676,0.0366,-0.136,0.0668,4.79,72.1,1647240,302009,448037,210757,199512,1817973,656778,342303,241660,237209,843181,156925,160001,116840,110898,1967321,623394,462424,353667,282714,1425781,214530,369917,143619,172388,1886077,486029,528395,194594,219944,1155064,323700,341725,158591,142282,970693,381368,170863,159946,120538
10,"North East",54.683629,-1.21324,"North","United Kingdom","2018-12-31","year",3707651,70883058,14714,3315292,12028460,441104,-0.113,22,13,30,19,-0.129,0.421,0.161,0.1,2.43,94.4,1596163,608314,386554,222161,172843,1177037,222548,298264,206339,174985,1491024,458531,247398,198711,167561,1504753,369335,375672,181614,217475,1554842,588727,290141,183890,155832,1833140,347053,318078,254296,186811,1589748,618792,273153,247117,222559,1133855,237217,333778,179841,162390
0,"North West",53.027538,-2.175821,"North","United Kingdom","2018-12-31","year",3081010,57742063,13098,3130785,11988605,562915,-0.18,22,9,32,25,-0.119,0.424,-0.144,0.37,2.95,76.3,1980272,748367,576228,359846,254436,1971930,373564,463665,218473,227636,935532,201127,228486,130380,108477,867985,192915,202106,153922,111897,1862403,619839,347779,322973,256024,1843307,221042,324254,362548,219439,787013,168119,194609,155798,106878,1091592,209485,159110,143553,141771
8,"Scotland North",56.45974,-2.973105,"North","United Kingdom","2018-12-31","year",2723492,54337199,13139,3897454,10018454,446526,0.144,18,13,26,33,-0.127,0.445,-0.186,0.31,3.77,71.7,1003233,167349,175595,164864,117356,1725669,318889,296911,325278,205708,830158,316074,228397,156325,123291,1920585,650458,422249,383980,227643,1305609,165240,385597,189804,162931,1307022,477869,144851,200073,154554,995163,350005,135636,194310,101412,1661717,525715,426413,180609,166970
14,"South Coast",50.851834,-0.983612,"South","United Kingdom","2018-12-31","year",3044755,69749422,14884,3961685,12152325,477886,0.165,23,13,39,32,0.0797,0.186,0.0731,0.257,4.38,83.5,1516116,269313,192492,268224,193895,1223747,170409,140698,199396,129141,753318,273410,199828,103617,106497,1035346,384629,181281,175044,143699,1119282,303052,144816,167573,165796,1556193,457181,455675,230493,201233,1816535,259231,503609,247162,183392,1304756,244669,287979,252683,158845
13,"South East",51.134193,0.264491,"South","United Kingdom","2018-12-31","year",3652350,72183221,14591,3747852,9865822,422320,-0.0206,19,10,30,21,0.0837,0.217,0.218,0.351,1.67,54.9,1483336,534763,208117,280692,158173,1738967,339328,318017,201475,183841,1171525,120228,248272,185003,163921,1387252,500848,361283,243003,146548,1568152,290195,418069,210348,172352,1515473,513520,163893,288621,200157,980769,186298,173408,107557,121859,1262014,423496,194942,165569,173602
11,"South Wales",51.652933,-3.021441,"South","United Kingdom","2018-12-31","year",3676230,53120937,13039,3116749,11015487,474113,0.116,23,15,45,16,-0.0316,0.344,-0.133,0.278,4.93,55.9,1697186,463775,439749,186794,207868,912388,119611,142786,115622,96504,1366169,317009,369718,163019,147742,1593013,420692,237932,305608,200516,1924003,536554,462004,267376,241312,1227550,175175,264628,139506,128295,1857943,730992,275830,274550,268203,821721,285117,129808,94353,110441
12,"South West",50.371714,-4.140162,"South","United Kingdom","2018-12-31","year",2896351,51610112,14585,3263535,9076745,523376,0.156,22,11,32,21,0.136,0.311,-0.138,-0.0341,4.36,97.3,815543,204662,91505,108049,108970,1234167,357078,370043,170547,141347,1028485,170819,275830,188164,113274,1988143,672303,414048,199162,278999,820500,289251,187140,94991,106593,1125400,287170,320709,119767,128815,1284829,331769,228136,229487,135307,1414323,147235,382739,168516,144149
1,"South Yorks",53.550871,-1.478309,"South","United Kingdom","2018-12-31","year",3672876,54638319,14617,3061826,10432504,564947,0.158,18,11,41,26,0.0948,0.478,0.159,0.424,4.66,62.3,1912884,460004,266804,316580,195689,902439,248098,166050,100553,122738,1983527,254956,498695,240743,253988,1013131,231208,135839,164347,150006,978382,172085,164845,165213,112190,1266060,303592,369337,238484,152641,919149,295931,136641,177987,110609,958229,265139,146174,141331,126951
9,"East Anglia",52.399452,0.264206,"South","United Kingdom","2018-12-31","yoy",2629532,25860747,5432,3858194,4029060,219631,-0.0866,23,12,25,39,0.0325,0.454,-0.185,0.0293,0.44,82.4,524283,166083,108751,65598,56218,649253,232188,185425,92523,66892,316679,63979,54456,45952,45478,430607,114954,49065,65526,57856,546517,162387,95915,101237,77803,798332,182128,152276,85669,102801,519604,128275,144010,90945,69102,743004,132893,127207,143078,91898
5,"East Midlands",52.522979,-1.467778,"North","United Kingdom","2018-12-31","yoy",3110610,27632340,6217,3281028,4797393,194526,0.0941,20,12,30,39,0.0346,0.389,0.126,0.052,4.15,79.1,801805,225920,110547,90777,113004,703783,96031,122991,131018,75406,765600,127679,122034,116053,79262,782161,217074,134520,112406,82699,491227,146795,140075,49951,69522,748324,90830,132636,111338,109712,781228,209155,131064,127157,91751,405147,122572,80801,48272,49033
15,"Essex and Herts",51.963206,1.351792,"South","United Kingdom","2018-12-31","yoy",3622133,20375629,5514,2849377,5118370,177025,-0.126,21,10,44,19,-0.126,0.465,0.0588,0.367,1.51,44.3,550375,63793,65752,61504,79673,366053,108481,56451,69528,42410,417995,62983,90905,82704,44463,798041,284820,187843,105389,83888,430089,156042,50857,70377,57918,466803,142495,57860,91922,60286,795405,305685,143668,111350,90672,445230,48958,59525,45752,60106
18,"Home Counties",51.352162,-1.993762,"South","United Kingdom","2018-12-31","yoy",3878537,21382840,5879,2683988,4488646,230124,-0.0601,20,13,31,35,-0.0426,0.463,-0.00349,0.197,3.7,71,645580,169231,192383,127147,89495,488384,108467,93235,69017,60820,442980,91683,109547,67680,64294,505031,70728,116702,52827,68501,615069,127709,62668,65809,61574,826205,160219,213765,154801,108135,336038,49119,84632,38237,47264,410434,151210,68618,80979,58452
4,"Lancs Cumbria Pennines",53.789622,-2.243294,"North","United Kingdom","2018-12-31","yoy",2651325,19968394,5244,3902694,4464677,229459,-0.0461,22,11,32,32,0.101,0.239,0.177,-0.00788,3.82,81.3,570191,213628,112687,67948,75854,514871,66561,139867,65538,70637,550522,78137,138149,105777,62765,702506,192627,104013,99186,88151,744405,243220,149747,139712,94183,335838,47701,65329,46154,39146,602881,119755,168602,101344,64422,528547,111086,83207,82871,60627
6,"London East",51.537937,0.080932,"South","United Kingdom","2018-12-31","yoy",2898729,22601662,5702,3475371,4369032,167133,-0.0466,21,13,25,40,0.00935,0.0429,0.1,0.379,2.7,60.2,407711,146768,82004,55899,55493,452949,67551,108878,75701,67458,621621,200696,98283,108307,89060,498385,175709,75293,80066,72998,377872,95181,94780,44571,47767,825795,174813,154075,136601,117264,316626,42603,63827,48262,47295,830773,271348,96457,91415,86618
17,"London North",51.655197,-0.277485,"South","United Kingdom","2018-12-31","yoy",2520182,30091260,5467,3613298,4120522,177958,0.0779,22,13,44,27,-0.113,0.0725,0.0124,0.0892,0.579,97.9,531062,57061,71300,89895,79117,561371,169178,151090,64202,62539,354772,98968,49335,60922,35738,822260,293010,176579,116140,102998,470650,111548,53516,86478,50143,821743,123035,208488,157960,104389,600934,179821,98965,82726,63131,478547,80711,130229,78384,69224
16,"London South",51.486872,-0.095581,"South","United Kingdom","2018-12-31","yoy",3242974,19575035,5432,2770941,3890468,238541,0.1,19,10,36,36,-0.117,0.383,0.123,0.15,2.24,78.6,790100,113246,167426,114110,101337,479689,179986,104886,59836,51431,447233,60567,94360,72955,48799,336956,87331,71838,56418,46494,809443,186081,228126,105380,102762,721235,96922,181002,143314,74677,464550,66053,49746,79890,55990,578637,168400,108452,98035,59070
19,"London West",51.509384,-0.195825,"South","United Kingdom","2018-12-31","yoy",3446987,25188912,5558,3138930,3974737,225520,-0.124,19,10,30,16,0.192,0.106,-0.059,0.0815,0.51,41,452975,135783,106634,53123,47469,734115,184335,101071,120959,75734,565096,170513,59822,86834,68141,500495,141121,122226,58501,63327,684057,101671,137590,126548,92044,369633,114300,107697,48042,53641,549828,58956,105223,84943,56623,566230,128950,150314,91449,68173
2,"Manchester",53.386478,-2.351433,"North","United Kingdom","2018-12-31","yoy",3358284,26154321,5356,3961897,4169218,204954,0.0803,21,14,33,37,-0.174,0.479,0.241,0.0452,0.425,86.8,574509,96111,139853,73703,63375,616113,236122,160046,113617,79464,664136,94886,95590,83036,94179,707711,230747,154617,72181,96785,554347,181963,142518,95853,60255,410475,114308,85068,63381,57897,718841,76297,199531,88079,96914,586086,216281,83460,111291,59679
3,"Midlands",52.435044,-1.892271,"North","United Kingdom","2018-12-31","yoy",3665591,20670538,6137,3427637,4904212,174960,0.0285,23,10,30,35,0.143,0.229,0.221,0.484,1.21,48,572067,170399,94801,106369,57856,684646,227327,127419,132340,70276,652159,106680,127531,129203,70651,630132,187923,67429,98084,71496,746707,192494,101140,141318,76660,530771,177746,75318,74182,60388,595683,209631,112625,103194,65633,694530,167893,197764,122806,77866
7,"NI Glasgow",55.860011,-4.253951,"North","United Kingdom","2018-12-31","yoy",3322816,24700568,5502,3511541,4902467,175048,-0.121,20,9,35,40,0.139,0.478,-0.104,-0.0254,1.25,76.3,352868,129299,41822,36519,37536,507999,56865,114064,58445,69432,400747,129366,58383,60587,46211,465205,169908,138696,65373,48787,404374,98833,100029,65006,56674,804250,186410,106919,115952,85286,429207,58644,62839,43372,51554,486192,65562,85766,97158,59450
10,"North East",54.683629,-1.21324,"North","United Kingdom","2018-12-31","yoy",2545932,23089209,5516,3924735,4298586,169253,0.108,22,10,26,36,-0.154,0.0661,0.286,-0.0691,0.306,62.2,786744,223310,185239,156048,100600,792873,149280,100653,133458,82754,632400,248817,184708,82024,79509,422365,120804,54881,78281,53708,819944,307530,210108,136542,88491,719797,155044,177265,86648,89894,591068,159500,138781,61443,85447,740140,162057,81689,133456,92495
0,"North West",53.027538,-2.175821,"North","United Kingdom","2018-12-31","yoy",3702178,23330642,5598,3102164,4327820,200234,0.111,18,9,31,33,-0.196,0.298,0.166,-0.0788,1.2,85.7,530244,183080,127696,88404,75787,586282,162713,133984,82021,60236,681813,84027,169940,102877,90778,627315,206409,132118,73020,64144,714738,278495,79913,99825,80062,681523,249945,80588,104525,70512,357865,91741,100087,63270,52419,426120,134659,59701,64615,49038
8,"Scotland North",56.45974,-2.973105,"North","United Kingdom","2018-12-31","yoy",3194300,24271391,5795,3121458,4558771,242995,-0.0152,21,11,27,20,0.144,0.12,0.122,0.000207,3.83,70.5,481997,83123,66058,63981,55941,455122,153747,118345,53605,55498,812495,271820,124444,148628,90109,450680,94881,52505,51950,52961,473775,155601,123412,55193,68445,532591,134807,135851,95274,77612,484915,164738,106432,80624,69745,416642,141772,99499,74176,45628
14,"South Coast",50.851834,-0.983612,"South","United Kingdom","2018-12-31","yoy",3804467,22273268,5926,2504263,4710417,188884,-0.12,22,12,27,24,0.104,0.168,0.164,0.376,0.25,91.3,483701,74694,75410,74754,70369,340799,112518,57914,65339,42497,773186,181373,103817,151656,84208,614640,125929,142050,68971,88549,398487,63143,63393,71971,56567,402592,149743,82408,49982,54689,823927,148691,161200,116155,94671,392187,108927,66039,62211,58145
13,"South East",51.134193,0.264491,"South","United Kingdom","2018-12-31","yoy",2945022,27664371,5423,3452854,4902936,180132,-0.0185,21,9,38,19,-0.179,0.253,0.168,0.459,3.38,84.5,320130,64177,40110,59657,44071,796231,92674,86296,150233,83446,676891,199779,107667,113576,87247,472632,71137,81850,61125,59822,419735,143615,52328,58728,52096,615093,149640,179231,109289,82209,387661,91050,63779,47079,50629,497174,188471,147924,58391,73520
11,"South Wales",51.652933,-3.021441,"South","United Kingdom","2018-12-31","yoy",2681032,30056604,5436,2619278,4670640,239787,0.0489,23,14,25,20,-0.147,0.065,0.297,0.446,4.35,79.1,824268,198893,222355,89854,84689,657189,260850,88782,112976,69689,340381,95382,77928,66454,50153,760845,219433,194267,100939,82236,358299,48065,83080,55986,51410,614750,87255,136680,65078,91772,326369,67355,56984,61375,47412,770356,195881,177006,79314,82043
12,"South West",50.371714,-4.140162,"South","United Kingdom","2018-12-31","yoy",2512293,29719097,5309,3989973,4150279,182561,0.0864,22,14,26,27,0.197,0.25,0.0775,0.139,1.15,41.4,502809,54835,135938,77151,72095,349958,58473,93978,49880,35696,728893,121161,172665,100621,91443,440727,59089,52919,72711,62302,362126,64068,86510,65565,44194,531684,71165,80505,93933,58491,318889,84274,78400,38362,38729,623398,166156,172729,107025,63419
1,"South Yorks",53.550871,-1.478309,"South","United Kingdom","2018-12-31","yoy",3517426,25539446,5958,2975633,4111975,236735,-0.186,19,10,29,34,-0.0578,0.105,0.153,0.271,4.38,54.5,317712,108445,84138,59235,46541,331823,87845,73210,65861,44998,802014,204160,92537,80470,104319,523474,121530,117272,72258,59459,380932,98321,111781,66802,47495,534899,143042,68562,106057,79127,454251,102338,69822,58678,63966,584031,185254,143781,79978,61764
9,"East Anglia",52.399452,0.264206,"South","United Kingdom","2019-12-31","yoy",3537593,31156016,5723,2979033,4163514,221349,-0.173,20,11,34,23,0.112,0.357,0.204,0.216,3.13,75.6,538498,199999,123471,80215,63446,802171,105866,107809,102316,92456,684236,169776,171185,135643,71567,774194,246650,225470,115667,111703,755206,130238,116680,95331,79567,635671,182811,122221,110306,71401,622485,142550,178159,114831,92147,539227,165351,138757,70416,58590
5,"East Midlands",52.522979,-1.467778,"North","United Kingdom","2019-12-31","yoy",3464055,22024812,5435,3676806,3923392,227097,-0.0522,23,10,29,30,-0.174,0.239,-0.11,0.119,0.761,77.2,598826,62596,153647,111441,73487,533889,83036,75178,72253,65728,534830,173853,109634,96177,58483,329054,92879,94454,53035,47209,705177,187255,167655,112278,103621,705142,136229,124329,129290,81190,499671,77300,61123,64480,53662,424107,52892,50220,78543,54180
15,"Essex and Herts",51.963206,1.351792,"South","United Kingdom","2019-12-31","yoy",3988008,25517253,5531,3652256,5147758,199110,-0.102,21,9,30,28,-0.0132,0.0338,0.171,0.4,0.938,88,333088,89942,39011,61367,40757,433466,161945,64266,78887,61871,830851,274218,239755,112774,102862,398408,151446,84453,43746,54485,415823,73872,90422,54289,60074,364768,56554,101430,43232,47264,826795,186663,140794,105043,112926,395258,65062,81518,46597,56964
18,"Home Counties",51.352162,-1.993762,"South","United Kingdom","2019-12-31","yoy",3013210,27899197,6148,3197784,4116710,248084,0.124,20,15,31,30,0.0399,0.241,-0.0539,0.105,3.75,47.3,313302,74812,41791,47639,46837,790985,233110,184058,129758,117028,799433,304707,238973,95391,113499,353672,102925,61507,51258,44662,379255,71342,92833,65171,45404,731402,135444,100726,86572,98185,697736,152773,143572,138493,78667,609857,213352,165727,66308,84508
4,"Lancs Cumbria Pennines",53.789622,-2.243294,"North","United Kingdom","2019-12-31","yoy",2715895,19650200,5932,3783466,5132938,230710,0.17,22,9,30,21,-0.118,0.336,-0.0193,0.482,3.4,88.7,346036,95867,83920,58245,38581,704811,215310,105050,139612,97555,352626,101334,94822,35716,46543,338210,47396,82517,53715,42187,820005,271940,238503,140034,115872,574566,124848,106837,61606,76689,416237,145530,103331,54606,57141,719971,147760,89413,105986,83292
6,"London East",51.537937,0.080932,"South","United Kingdom","2019-12-31","yoy",3180952,20173914,6224,3643997,5006631,197480,-0.163,19,14,27,22,-0.182,0.357,-0.196,-0.0858,0.452,70.1,384018,106528,56311,54531,53488,459967,133016,121969,57236,68797,366564,57379,68217,45667,37485,324879,102676,90685,40712,44509,623692,73431,122966,78039,85673,538984,205084,77863,65278,58788,734936,225593,74378,131563,102746,360300,136167,49656,68446,48023
17,"London North",51.655197,-0.277485,"South","United Kingdom","2019-12-31","yoy",3842717,24281715,5963,3538761,4710392,188354,0.142,21,9,30,34,0.0594,0.0847,0.0916,0.329,0.409,44.5,676677,194823,168347,74055,84841,525977,164932,143309,86681,58019,670285,190738,148741,125092,99441,727572,147635,186376,118744,94135,569039,166716,69744,86840,77540,641117,195332,79716,92939,83216,564671,168015,132648,58531,71624,336507,118485,37550,63327,36163
16,"London South",51.486872,-0.095581,"South","United Kingdom","2019-12-31","yoy",3346072,30638600,6094,3545394,4877778,176561,0.191,22,11,42,30,-0.118,0.226,0.244,0.0975,2.82,80.2,721956,225547,155455,101433,86035,535105,98704,72768,73705,73602,565119,60663,137277,95861,61587,423416,115595,56282,82362,57933,349677,75437,78339,38048,46391,776757,125688,89103,95975,105693,570749,165514,67187,78606,70450,508421,165399,70254,99805,51719
19,"London West",51.509384,-0.195825,"South","United Kingdom","2019-12-31","yoy",2521684,21398305,5758,2892637,4192259,212332,0.0915,21,8,29,18,-0.164,0.103,-0.0583,-0.0434,4.98,99,357276,91738,62522,59994,40902,755423,161885,167529,136336,103452,549481,172839,60284,90307,62255,554556,216538,103688,94274,73878,660413,148919,115329,113187,68535,658284,217465,173172,126604,74408,533801,176168,142205,81111,66130,328323,81302,44514,41002,35930
2,"Manchester",53.386478,-2.351433,"North","United Kingdom","2019-12-31","yoy",2843218,20144385,6174,3170142,3878302,197441,-0.105,19,12,37,17,-0.11,0.175,0.267,0.428,0.327,41.5,777110,201599,164783,133965,106666,661365,234601,191011,86116,74710,667439,263739,99805,69190,95824,332526,67171,47532,62017,38482,744367,149908,93615,127043,80533,537300,159504,75379,58492,53930,765182,180906,143658,128786,81861,408551,124699,55310,81675,43715
3,"Midlands",52.435044,-1.892271,"North","United Kingdom","2019-12-31","yoy",2995236,27237615,5235,3005390,4367968,216921,-0.0677,20,10,42,25,-0.0327,0.0144,0.0587,0.455,4.18,50.3,656980,139666,96912,82573,85085,680927,168549,145379,73304,83477,553907,92898,119216,91030,66246,670405,202187,144008,93780,71428,815551,115718,141563,81869,106972,404243,105450,78717,76589,52955,396371,95645,80751,59741,40187,646317,106558,144319,109740,68418
7,"NI Glasgow",55.860011,-4.253951,"North","United Kingdom","2019-12-31","yoy",3232068,24808231,5982,3572062,3755370,223761,-0.00567,19,14,37,20,-0.0414,0.165,0.0748,-0.0657,2.27,40.4,772495,121733,190338,80893,97222,338415,108033,40538,44378,39841,776937,252385,101759,131211,105199,613805,211657,108931,77494,80872,329039,96848,95102,47951,42416,340597,72557,94238,44478,41844,429652,165177,116767,62556,62003,824664,316868,239128,156383,120239
10,"North East",54.683629,-1.21324,"North","United Kingdom","2019-12-31","yoy",2571676,18803077,5434,3047058,4975652,197086,0.0318,21,9,38,16,0.0688,0.324,0.0171,-0.0241,0.537,73.5,818197,82274,116233,138728,118918,605992,169290,111740,73752,71380,349311,88138,57079,64227,51561,678457,219336,145801,88137,72510,514318,105180,65754,85963,53236,357720,124771,90787,38742,47461,566075,136541,121996,104839,76929,421438,94993,51763,81266,54643
0,"North West",53.027538,-2.175821,"North","United Kingdom","2019-12-31","yoy",3536287,28501917,5711,3316270,4791570,218885,0.164,21,12,33,28,-0.0356,0.0859,-0.162,0.244,4.66,84,575682,176718,172170,83939,75044,603255,212774,102458,104469,83045,674119,246285,193305,116883,83565,607233,143450,126158,63653,83973,711514,208221,126718,87294,87302,611517,190994,124025,117851,75276,502832,122642,84885,73855,55854,815404,84473,166280,144944,113753
8,"Scotland North",56.45974,-2.973105,"North","United Kingdom","2019-12-31","yoy",3789606,27408771,5693,3233896,4203501,185488,-0.0384,22,14,29,26,0.142,0.373,0.231,0.195,4.3,89.1,406723,117612,90106,67264,59106,573925,190237,128789,110139,69641,804326,232969,90430,117281,108007,652558,128206,154583,126265,84054,736444,160324,216697,130172,86303,366978,142162,80798,46953,49198,332699,69547,46382,50355,39497,443221,53426,118125,73097,50402
14,"South Coast",50.851834,-0.983612,"South","United Kingdom","2019-12-31","yoy",3852008,29165348,5900,2964558,4571884,223261,-0.175,21,15,27,21,0.0769,0.202,0.0296,0.34,4.97,56.2,706558,160187,133704,129968,73458,413026,80363,58338,47906,54118,574007,136151,139628,84584,72221,645865,244693,134569,123896,72888,555341,170776,91494,78118,74680,724535,160052,209638,115593,85216,630681,199254,133591,113199,73567,545911,197441,115236,82261,78624
13,"South East",51.134193,0.264491,"South","United Kingdom","2019-12-31","yoy",3487335,21347686,5808,2569234,4747853,220082,0.124,18,12,27,18,-0.139,0.244,0.232,0.485,2.94,94.3,682708,219988,146985,68848,85547,751255,183446,152950,134962,112151,374078,149519,96656,58532,52274,383610,111202,75239,72168,54823,589874,126423,147389,89007,81862,640187,235131,114662,71685,78257,469151,128494,125381,81170,47667,796034,276309,189604,99244,95692
11,"South Wales",51.652933,-3.021441,"South","United Kingdom","2019-12-31","yoy",2585717,25769221,6023,2955372,4529913,174767,-0.0652,18,12,27,31,0.14,0.082,0.108,0.41,0.269,62.1,609985,82089,166031,119831,88593,781852,235316,219706,92316,112797,659800,225443,164318,67675,76537,682543,249572,181667,128648,97127,548534,101851,69854,99498,61155,721440,286883,88100,91969,76460,550541,72956,112162,60292,65495,555901,157035,71220,107646,73291
12,"South West",50.371714,-4.140162,"South","United Kingdom","2019-12-31","yoy",3480561,31092073,6216,3745599,4523151,233014,0.172,23,14,33,33,0.147,0.171,0.229,-0.0288,3.56,44.4,337807,109197,68238,39193,38778,490037,195263,85988,60176,73191,428999,132647,118020,54682,52742,759284,148246,203630,79298,109334,590128,112573,170376,97021,61163,746716,129483,112560,145104,94755,521115,197148,152182,58832,60617,793491,178624,126202,137889,116861
1,"South Yorks",53.550871,-1.478309,"South","United Kingdom","2019-12-31","yoy",3377231,28124689,6246,3770649,4076525,171796,-0.199,22,8,40,25,-0.162,0.147,0.147,0.483,4.88,96.9,545981,165959,92565,106071,62825,763138,199421,81934,80721,97109,371020,47868,58503,40933,41569,744894,142527,186791,112546,88649,497320,191020,141176,74952,50786,491004,103135,96444,64322,63593,637127,89848,146175,118190,74723,598661,84019,121690,108716,75413